3072 5168
819 349 979 448 ‚..1„2n.-„

342 539 469 608 Petrum
498 541 534 607 V.
561 545 729 612 Kalendas
754 543 968 626 Novembris,
1001 544 1213 612 Pontificatus
1241 546 1346 612 nostri
1373 563 1460 612 auno

343 669 457 734 pruno.

412 790 500 864 (vm.
514 791 651 850 Bonil'dca
670 793 748 866 pdpa
761 790 949 868 Regestdibdl
962 793 1089 852 Theiner
1101 796 1138 850 id.
1151 814 1188 853 m.
1202 795 1223 848 1.
1238 796 1265 850 k.
1279 793 1342 853 380.
1358 793 1391 864 1.)

776 1113 1026 1126 *un-...n-

868 1644 923 1709 ts.

383 1843 476 1908 Peter·
491 1841 610 1930 erdelyi
625 1842 750 1928 pttopdle
766 1864 787 1904 a
803 1843 894 1906 cardi
908 1841 1060 1927 condepelc
1069 1845 1178 1930 joqoit
1197 1843 1414 1930 ezubdlyozzo.

849 1951 946 2016 1295.

444 2151 513 2216 Nos
531 2148 646 2215 Petrus
665 2149 875 2215 miseratione
891 2148 1012 2216 Dirina
1029 2150 1214 2237 Episcopus
1233 2153 1453 2237 Tronssylre·

337 2274 397 2322 uus
414 2254 634 2342 significemus
650 2257 767 2339 quibus
785 2258 917 2341 expedit
932 2258 1095 2325 universis
1112 2261 1316 2344 presencium
1327 2279 1390 2342 per
1407 2269 1452 2325 te-

337 2381 458 2453 norem,
475 2366 562 2446 quod
578 2366 707 2449 populis
722 2364 843 2430 nostris
860 2365 903 2432 de
919 2367 999 2432 villu
1016 2365 1103 2435 Serd
1119 2366 1206 2433 hanc
1222 2369 1453 2434 contulerimus

337 2471 535 2552 libertatern,
552 2482 587 2540 ut
612 2473 643 2538 in
666 2474 750 2540 sesto
770 2473 864 2540 Beati
880 2475 1013 2543 Martini
1030 2494 1144 2542 omncs
1164 2479 1378 2543 communiter
1393 2475 1454 2541 sin-

336 2579 422 2665 gulis
438 2581 534 2647 annis
552 2580 710 2648 tredecim
739 2599 866 2648 marcas
878 2587 1053 2666 terrestres
1079 2587 1208 2670 argenti
1235 2605 1291 2668 pro
1312 2585 1453 2664 terragio

335 2687 461 2756 solvere
478 2695 658 2756 teneantur.
677 2687 756 2755 Item
771 2689 955 2773 quicunque
973 2710 1014 2756 cx
1030 2691 1113 2775 ipsis
1131 2690 1315 2774 hospitibus
1331 2692 1452 2760 nostrie

335 2797 368 2863 in
384 2796 460 2884 ipsa
474 2798 555 2864 ville
570 2798 655 2865 Sard
674 2807 765 2866 certa
782 2797 895 2881 aliquo
911 2797 1059 2885 edificia,
1087 2801 1139 2868 rel
1159 2801 1292 2880 uineas,
1312 2807 1369 2866 aut
1385 2801 1452 2866 alia

335 2925 525 2991 quecunque
542 2927 644 2993 opera
660 2906 782 2994 lecerit,
801 2909 905 2976 libere
921 2909 1026 2992 possit
1037 2910 1192 2990 vendere,
1210 2907 1262 2975 rel
1279 2909 1400 2974 donare
1418 2911 1450 2974 in

335 3018 412 3101 rita,
428 3020 482 3085 rel
498 3018 531 3083 in
549 3023 652 3083 morte
668 3018 847 3101 cuicunque
863 3018 1035 3094 voluerint,
1053 3025 1110 3085 aut
1127 3021 1230 3086 eciam
1246 3017 1452 3098 recedentes,

335 3133 368 3193 et
383 3125 468 3194 sicut
485 3123 586 3192 libere
603 3133 771 3212 venerunt,
792 3125 841 3193 sic
858 3125 959 3193 libere
975 3124 1132 3192 recedant
1150 3143 1341 3209 quoeunque
1357 3126 1446 3193 rolu-

336 3233 440 3318 erint,
461 3233 553 3318 justo
578 3236 720 3318 terragio
746 3235 857 3301 villico
884 3253 994 3300 eorum
1016 3253 1075 3318 pro
1101 3241 1247 3317 tempore
1272 3235 1447 3303 constituto

334 3342 510 3429 persoluto.
534 3343 627 3410 Hauc
644 3342 743 3410 etiam
769 3343 916 3424 graciam
936 3342 985 3408 eis
1008 3342 1164 3409 duximus
1179 3341 1384 3425 faciendam,
1412 3351 1449 3410 ut

334 3453 515 3536 quicunque
532 3471 574 3518 ex
590 3451 669 3536 ipsis
686 3452 756 3518 sine
774 3451 895 3518 herede
913 3450 1132 3537 decederent,
1162 3452 1273 3518 omnia
1286 3451 1372 3520 bona
1386 3469 1448 3518 sua

334 3561 514 3645 cuicunque
530 3561 710 3643 voluerint,
736 3560 770 3628 in
788 3567 890 3627 morte
906 3579 966 3628 sua
982 3559 1084 3626 libere
1101 3560 1231 3647 possint
1253 3561 1447 3644 relinquere,

335 3669 457 3756 legare,
475 3688 533 3737 seu
549 3669 692 3755 donare,
718 3689 782 3736 uno
799 3669 883 3737 bore
898 3677 997 3734 tenue
1017 3665 1102 3754 (lgy)
1120 3670 1217 3736 nobis
1236 3668 1369 3737 donato.
1386 3669 1446 3736 Oe·

333 3787 436 3845 terum
446 3797 506 3863 pro
522 3776 665 3844 deccnsn
676 3785 787 3846 nostro
797 3781 900 3847 semel
916 3779 951 3844 iu
968 3798 1055 3844 auno
1066 3797 1164 3845 nuum
1178 3780 1295 3845 bovem
1305 3797 1446 3867 pascua·

333 3887 407 3970 lem,
423 3893 455 3952 et
470 3905 568 3952 unum
585 3905 739 3970 porcum,
766 3909 806 3956 ac
822 3907 921 3955 unam
937 3888 1097 3953 tunellum
1117 3887 1186 3954 rini
1213 3887 1255 3956 de
1272 3887 1445 3974 totavilla,

332 3990 373 4058 de
390 3993 527 4079 siugulis
544 3996 647 4061 eciam
674 3995 899 4064 mansionibus
925 4015 1021 4062 unam
1038 3996 1217 4077 gallinam,
1235 4015 1335 4064 unum
1351 3995 1446 4062 cubn-

333 4103 398 4169 lum
414 4120 535 4185 avene,
553 4109 585 4170 et
602 4103 682 4171 dnos
699 4123 804 4189 panes
820 4104 900 4173 dore
916 4103 1048 4172 debent.
1066 4105 1148 4172 Item
1166 4107 1309 4172 minutas
1327 4125 1444 4173 causas

331 4211 415 4278 iuter
431 4212 522 4298 ipsos
540 4221 674 4280 exortas
689 4215 819 4280 villicus
830 4215 973 4302 ipsorum
984 4213 1160 4300 judicabit,
1178 4217 1321 4300 majores
1337 4225 1444 4282 autem

331 4339 460 4401 causas,
477 4321 559 4389 sieut
577 4339 675 4407 super
692 4321 850 4390 effusione
866 4325 1045 4410 sanguinis,
1064 4329 1175 4406 morte,
1195 4323 1290 4406 lusto,
1309 4331 1339 4387 ct
1358 4323 1445 4390 simi·
1494 4365 1496 4369 2

330 4429 425 4514 libus,
442 4431 559 4500 (lomes
586 4451 697 4499 eorum
721 4452 794 4499 cum
809 4433 920 4502 villico
943 4433 1130 4522 judicabit;
1157 4452 1289 4515 quorum
1315 4429 1442 4518 quidem

328 4540 526 4626 judiciorum
542 4539 605 4609 due
622 4550 732 4626 portes
750 4545 867 4611 cedent
884 4545 1014 4626 comiti,
1031 4544 1134 4610 tercia
1149 4551 1245 4630 parte
1264 4544 1367 4611 villico
1382 4560 1440 4608 re-

333 4657 484 4716 manente
510 4650 692 4716 eorundem.
721 4651 826 4735 Super
851 4650 1038 4722 vulneribus
1065 4661 1172 4718 antem
1196 4649 1384 4724 inferendis,
1402 4659 1438 4712 er
