3072 5168
882 251 928 321 iO

345 457 492 536 sumptus
507 455 635 520 vestros
646 469 706 536 per
722 469 818 516 unum
835 467 957 518 annum
973 448 1068 518 nobis
1080 451 1114 517 in
1125 448 1212 518 diute
1225 449 1326 516 Terre
1342 449 1465 517 Sancte

343 577 531 629 snooursnm
555 557 706 628 faciendo
731 578 791 648 per
816 564 938 630 terrum
963 559 1110 644 offertis,
1125 564 1267 646 quantas
1292 577 1464 643 possumus

344 666 437 738 rubia
452 666 580 755 agimus
602 671 735 756 gracias
761 669 909 736 iteratas.
935 671 978 737 Et
992 667 1072 738 lioot
1096 669 1141 738 ob
1168 666 1336 736 racionem
1355 666 1464 754 predi·

346 783 432 848 etam
448 796 488 846 au
503 777 579 845 aliis
595 776 692 845 oertis
707 777 749 845 do
764 777 873 846 oensis
888 782 1075 863 purpurius
1091 781 1218 843 vestras
1233 776 1295 844 iter
1315 783 1464 844 nostrum

344 883 527 954 huiusmodi
538 892 726 956 conuertere
737 886 993 974 nonpossimns5
1011 883 1252 954 Sublimitatem
1260 885 1462 970 usgiamm

345 1013 515 1084 prooamur
529 993 721 1077 immunius,
738 995 827 1079 qnod
851 993 976 1062 idoiroo
1001 991 1165 1060 Diuinitus
1191 993 1285 1061 vobis
1299 993 1461 1080 inspirata

344 1105 519 1186 voluntas,
545 1124 642 1188 quum
667 1123 727 1172 vos
742 1104 866 1172 habere
882 1111 1030 1172 tenemus
1046 1103 1091 1171 ad
1108 1103 1235 1190 prefate
1250 1111 1337 1171 terre
1362 1105 1461 1171 subri-

346 1213 445 1297 dinm,
461 1232 527 1280 non
542 1219 703 1300 tepeseat.
721 1212 763 1278 ut
778 1213 808 1281 si
823 1211 1043 1299 Magnitudini
1069 1213 1187 1281 Vestro
1202 1214 1337 1299 placeat
1352 1211 1394 1279 de
1410 1213 1461 1280 ho

345 1320 483 1390 minibus
493 1322 613 1392 vestris
623 1322 655 1386 in
672 1321 828 1389 auxilium
845 1322 995 1407 ejusdem
1012 1328 1098 1390 torro
1114 1321 1348 1405 transmittere,
1366 1321 1461 1388 stubi

346 1429 501 1499 fuerimus
516 1431 677 1516 venerint,
689 1429 853 1516 jooundns
881 1438 915 1499 et
930 1429 1017 1500 letus
1033 1429 1209 1498 admodum
1225 1432 1286 1498 erit
1301 1430 1398 1499 nobis
1412 1451 1460 1497 eo·

347 1559 417 1606 rum
434 1539 613 1623 aduentus,
640 1559 697 1606 eos
713 1540 818 1609 seiam
843 1543 1048 1626 gratulantur
1064 1547 1098 1608 et
1122 1540 1299 1610 honorifice
1314 1539 1459 1608 admitte·

345 1668 428 1716 mus.
444 1648 566 1716 Datum
576 1649 664 1736 apud
675 1649 817 1735 Borwyk
833 1669 933 1736 snper
947 1647 1108 1717 Tenedum
1123 1649 1157 1715 in
1168 1650 1281 1718 Sootia
1297 1649 1330 1717 in
1346 1649 1457 1735 vigilia

345 1754 440 1825 Beati
456 1754 618 1825 Johannis
637 1757 787 1842 Baptista
802 1777 889 1827 anno
904 1755 1035 1827 Domini
1052 1757 1227 1826 millesimo
1243 1757 1458 1828 duoentesimo

346 1867 561 1952 nonagesimo
577 1861 729 1936 seeundo.

346 2079 463 2153 (Olario
473 2079 567 2136 Atium
577 2077 609 2136 έτ
619 2079 789 2137 Holbrooke
800 2079 922 2151 Prigyes
933 2097 940 2133 :
951 2078 1091 2151 Foedera,
1102 2077 1326 2150 Gonuuntionm,
1335 2081 1455 2137 Litteras

348 2179 378 2228 et
391 2170 584 2242 erriusuunque
593 2173 706 2245 generis
716 2171 791 2228 Aeta
800 2170 923 2227 Publioa
931 2172 1006 2228 inter
1016 2172 1113 2244 Reges
1125 2173 1247 2242 Angliae
1257 2177 1287 2228 et
1296 2172 1369 2227 alios
1383 2187 1456 2242 quor·

348 2263 392 2318 vir
405 2262 605 2334 Imperatores,
616 2263 721 2334 Reges,
734 2261 898 2332 Pontifices,
909 2261 1058 2334 Principes
1071 2262 1117 2318 vel
1128 2259 1352 2319 communitates
1365 2259 1456 2316 habita

521 2359 552 2408 ei
564 2357 697 2410 uastata.
710 2351 775 2410 Vol.
789 2351 810 2407 1.
829 2371 897 2426 pars
909 2354 935 2409 2.
949 2351 1073 2408 Londini
1087 2351 1164 2409 1816.
1178 2369 1205 2424 p.
1219 2348 1292 2422 760.)
