3072 5168
378 1118 473 1186 Vbrns
487 1089 1013 1204 deratceepozscuytudeauspnu
1031 1116 1091 1184 IV.
1109 1113 1290 1182 Mazldnak
1302 1112 1390 1180 lescle
1398 1111 1474 1200 folp-

371 1232 428 1292 teln
442 1226 648 1310 nendelkesule,
666 1248 687 1290 a
698 1225 762 1290 ΙΙΙ.
780 1225 933 1290 Budretlll
947 1223 1107 1290 bisulduno
1132 1234 1361 1310 emcpneoeaett
1384 1221 1474 1288 lirul-

500 1333 556 1400 leel
571 1344 683 1422 epylltt,
700 1331 809 1400 Osllrle
825 1335 855 1397 ds
871 1330 1021 1420 Sintperp
1037 1333 1237 1400 hierobabel.
1257 1334 1353 1398 1295.

477 1531 548 1600 Nos
563 1531 732 1600 Abraham
749 1531 861 1604 Rullus
881 1527 1024 1600 Ourialls
1050 1530 1169 1600 (lomes
1196 1529 1403 1600 Posonieneis
1420 1547 1475 1594 om·

371 1641 468 1710 nibus
493 1639 608 1726 quibus
634 1639 769 1728 expedit
786 1637 1006 1726 significamus
1023 1639 1229 1724 presencium
1249 1657 1309 1726 per
1333 1645 1475 1716 tenorem,

371 1750 460 1834 quod
475 1747 600 1817 nobiles
624 1748 685 1817 viri
700 1748 867 1818 Johanncs
876 1797 887 1834 ,
903 1747 1031 1830 Petrus,
1049 1745 1107 1831 lilij
1124 1748 1294 1816 Benedicti
1309 1744 1350 1813 de
1370 1743 1476 1832 Okoly,

371 1858 563 1928 exibuerunt
579 1851 665 1946 (lgy)
681 1858 777 1926 nobis
785 1856 914 1926 litteras
931 1855 1053 1924 domini
1063 1856 1223 1947 Ladizlap⁷
1234 1855 1376 1924 Illustris
1391 1874 1476 1938 quon·

371 1967 449 2036 dam
463 1965 566 2052 Regis
590 1962 735 2047 Vngarie
759 1983 858 2051 snper
882 1963 1095 2050 possessione
1123 1967 1268 2050 ipsorum
1297 1964 1433 2031 Ohurlee
1450 1965 1476 2026 et

370 2074 523 2160 Simperk
539 2079 719 2156 emanatas,
740 2091 822 2155 quas
838 2091 912 2142 cnm
928 2071 1120 2141 fecissemus
1138 2070 1278 2160 perlegi,
1295 2071 1476 2150 insanimus,

371 2180 457 2268 qnod
469 2179 554 2252 dicte
571 2181 799 2267 possessiones
811 2200 884 2248 cnm
900 2181 1049 2250 omnibns
1066 2181 1136 2250 suis
1153 2181 1355 2250 utilitatibus
1373 2188 1404 2248 et
1418 2200 1477 2266 per·

371 2292 534 2381 tinencijs,
545 2292 630 2360 sicut
645 2290 812 2376 Stephano
824 2297 857 2360 et
872 2289 1011 2358 Nicolao
1026 2289 1105 2378 filijs
1117 2289 1260 2368 Rechee,
1276 2291 1324 2358 sic
1339 2289 1477 2366 Johanni,

371 2402 468 2470 Petro
485 2405 517 2468 et
532 2400 633 2470 Paulo
643 2398 722 2486 filijs
732 2395 901 2466 Benedicti
912 2406 1101 2486 spectarent
1116 2407 1150 2467 et
1160 2399 1407 2469 dinoscerentnr
1421 2399 1478 2464 inre

371 2515 526 2594 perpetuo
552 2505 759 2594 possidendo.
785 2506 910 2587 Quibus
927 2509 1080 2594 perlectis
1106 2508 1280 2598 diligenter
1296 2509 1478 2596 circumspe-

372 2617 434 2687 ctis
450 2635 585 2684 vnacnm
608 2615 776 2702 judicibus
801 2637 860 2703 per
876 2615 1041 2684 dominum
1066 2624 1213 2685 nostrum
1236 2619 1403 2688 Andream
1426 2617 1477 2684 Dei

371 2727 485 2813 gracia
499 2726 663 2794 Illustrem
679 2727 779 2812 Regis
796 2722 883 2813 (tgy)
901 2726 1046 2812 Vngarie
1063 2727 1240 2814 deputatis,
1258 2727 1414 2796 videlicet
1429 2725 1477 2792 llo·

372 2837 449 2904 mite
465 2835 590 2905 Jacobo
615 2834 758 2920 Magno,
783 2835 880 2902 Petro
906 2841 938 2903 et
962 2836 1125 2907 Barbatio
1142 2836 1348 2923 (inmitibus,
1373 2840 1477 2924 blegne

371 2949 479 3030 Petro,
495 2945 571 3012 item
587 2943 712 3012 Gemite
721 2943 898 3012 Salomone
913 2944 954 3012 de
969 2943 1100 3034 Kelety,
1112 2945 1242 3012 (lomitc
1251 2945 1410 3030 Pamlino,
1426 2945 1476 3012 cu-

370 3055 448 3122 mite
463 3055 576 3122 Blasio
593 3052 635 3120 de
651 3052 757 3120 Gutus
765 3104 775 3139 ,
802 3051 1004 3122 deerenimns
1021 3054 1154 3122 iusticia
1171 3053 1342 3134 suadente,
1359 3061 1393 3120 nt
1411 3051 1477 3120 dicti

370 3161 427 3249 filij
444 3159 612 3230 Benedicti
629 3161 808 3246 Johanues,
820 3161 935 3230 Petrus
946 3169 980 3230 et
990 3163 1146 3248 magister
1157 3165 1289 3250 Paulus,
1303 3163 1475 3248 porcionem

371 3271 515 3358 ipsorum
530 3271 564 3337 in
580 3269 675 3338 dictis
692 3271 955 3356 possessionibus
981 3270 1121 3340 Oburlee
1137 3279 1171 3340 et
1196 3273 1348 3358 Simperg
1372 3287 1476 3338 nuncu·

372 3380 459 3468 patis
474 3379 610 3465 pacifice
638 3387 671 3446 et
687 3380 795 3465 quiete
811 3381 1023 3468 possideant,
1040 3383 1136 3450 salua
1158 3381 1314 3468 porcione
1331 3377 1476 3466 Stephani

371 3493 405 3556 et
418 3489 548 3560 Nicolai
564 3488 700 3558 filiorum
717 3491 844 3559 Rechee
863 3497 1072 3565 remanente,
1098 3493 1132 3554 nt
1158 3506 1219 3556 neo
1234 3486 1293 3576 filij
1319 3489 1479 3558 Benedicti

371 3598 558 3684 porcionem
568 3600 707 3684 Rechee,
717 3619 776 3664 nec
787 3599 845 3685 filij
862 3599 980 3682 Reche,
993 3597 1199 3685 uelipsernm
1215 3597 1425 3683 posteritates
1440 3597 1479 3663 uti

371 3709 495 3791 possint
510 3707 645 3776 alterins
661 3708 850 3793 porcionem
861 3705 947 3794 (lgy)
964 3714 1079 3774 contra
1090 3705 1263 3776 cuiuslibet
1272 3708 1479 3793 uoluntatem,

372 3813 432 3883 sed
449 3812 586 3897 quilibet
601 3815 744 3903 ipsorum
768 3833 828 3882 sna
845 3816 1000 3900 porcione
1016 3816 1207 3901 gratuletur,
1225 3831 1284 3882 sev
1299 3812 1433 3882 fruatur.
1447 3814 1481 3882 ln

374 3925 461 3991 cuius
476 3923 524 3990 rel
541 3926 729 3992 memoriam
746 3928 876 3992 nostras
888 3921 1111 3990 concessimus
1127 3924 1253 3991 litteras
1269 3922 1372 4006 sigilli
1387 3923 1481 3991 nostri

371 4031 545 4102 munimine
570 4030 753 4101 roboratas.
779 4031 900 4098 Dalnm
928 4051 1015 4100 anno
1040 4033 1171 4100 Domini
1196 4029 1332 4101 111000ο
1348 4052 1481 4118 nonage-

373 4139 454 4208 simo
470 4137 581 4224 quinto
598 4139 631 4206 in
652 4138 737 4208 festo
754 4137 859 4206 Beate
876 4137 974 4205 Lucie
990 4137 1135 4225 Virginis
1150 4159 1191 4206 ac
1207 4141 1360 4209 muniris.

372 4315 486 4390 (Kilrva
507 4338 526 4376 a
550 4315 833 4392 poaeonylrdptalani
856 4314 994 4391 orsatgos
1015 4314 1197 4376 lcvdlttrnak
1215 4315 1311 4388 Ospsa
1323 4317 1386 4376 Vll.
1405 4319 1483 4380 Base.
1532 4351 1533 4354 κ

585 4410 610 4464 1.
622 4410 646 4465 2.
661 4407 695 4466 A.
706 4407 861 4477 sstmtbel,
874 4407 963 4468 aldbb
976 4410 1037 4466 101.
1051 4425 1092 4466 sa.
1104 4427 1132 4467 a.
1146 4409 1261 4480 neces.)

798 4709 1066 4726 m
