3072 5168
890 952 937 1017 11.

358 1170 466 1258 Troo,
490 1169 636 1236 samia
653 1171 684 1234 ds
708 1165 876 1232 Scardona
902 1167 1033 1232 odroaok
1059 1185 1242 1251 appanowa
1259 1161 1497 1250 epyazkeddm

682 1275 854 1340 cocatlcoad
867 1273 1029 1358 keamdpo.
1046 1272 1144 1338 1294.

463 1498 498 1564 ln
515 1492 633 1562 Christi
651 1492 783 1560 nomine
800 1493 913 1558 Amen.
937 1489 1033 1556 Anno
1050 1487 1295 1556 lucarnocionis
1313 1491 1392 1554 eins
1413 1486 1488 1554 mil·

353 1604 469 1672 lesimo
495 1601 720 1672 ducentesimo
746 1598 959 1686 nonagesimo
983 1605 1101 1681 cuano
1126 1596 1313 1666 indiccione
1333 1597 1417 1664 VII.
1434 1597 1488 1662 die

355 1708 492 1780 Veneris
507 1710 566 1778 IX.
593 1711 739 1778 intrante
766 1708 880 1794 Aprili.
909 1705 1037 1775 Nobilis
1059 1705 1108 1770 vir
1134 1705 1282 1774 dominus
1308 1706 1490 1774 Mattheus
1521 1745 1522 1762 r

355 1817 447 1889 Lucii
464 1819 543 1889 civis
560 1817 733 1904 Tragurii,
760 1813 941 1903 syndicus,
970 1819 1060 1882 actor
1079 1821 1113 1882 et
1138 1821 1330 1898 procurator
1357 1813 1487 1910 nobilis

355 1927 417 1994 viri
441 1927 563 1996 domini
581 1925 755 2010 Philipuzii
771 1923 903 2009 Rogerii
920 1923 961 1990 de
977 1921 1115 1990 Todinis
1142 1922 1223 1991 civis
1240 1925 1396 1999 Annene,
1429 1921 1485 1986 Po

355 2035 497 2119 tatutis,
515 2031 654 2106 Consilii
671 2041 705 2102 et
721 2031 909 2100 Communis
927 2029 1082 2117 Tragurii
1109 2029 1151 2094 ad
1169 2016 1388 2116 infrascripta
1411 2048 1483 2115 spe·

356 2141 483 2214 cialiter
500 2143 713 2226 constitutus,
730 2148 767 2209 ut
783 2141 965 2210 continetur
981 2141 1015 2206 in
1031 2141 1245 2206 instrumento
1266 2139 1347 2207 dicti
1362 2136 1482 2226 syndi-

356 2258 449 2322 catus
466 2253 555 2322 tuoto
578 2270 664 2317 anuo
683 2249 857 2318 Dominioa
872 2271 893 2316 a
909 2247 1091 2318 Nativitrte
1118 2249 1289 2316 millesimo
1314 2249 1479 2318 ducente·

357 2362 440 2429 simo
456 2359 672 2444 nonagesimo
689 2365 806 2443 quarto
823 2355 1011 2424 indiccione
1027 2354 1121 2442 Vll,
1139 2355 1193 2423 die
1209 2357 1300 2423 Jovis
1319 2355 1478 2424 kalendis

355 2469 489 2557 Aprilis,
505 2476 538 2536 et
553 2468 676 2552 scripto
694 2487 752 2552 per
768 2485 898 2532 manum
910 2464 1031 2532 Sirocti
1048 2465 1137 2533 Petri
1152 2465 1193 2531 de
1203 2469 1349 2550 Ancona,
1367 2466 1476 2552 Irnpe·

354 2575 429 2644 riali
445 2577 642 2645 auctoritate
659 2584 692 2642 et
717 2595 805 2645 nono
821 2573 1012 2642 Communis
1030 2573 1182 2661 Tragurii
1206 2577 1314 2646 durati
1336 2575 1475 2656 Notarii,

357 2704 444 2754 arne
469 2686 613 2754 Antonio
638 2683 757 2754 Jndioe
774 2691 808 2750 et
827 2684 965 2752 Notario
991 2683 1201 2768 infrascripto
1225 2685 1296 2753 viso
1320 2691 1354 2752 et
1378 2685 1474 2764 lecto,

356 2796 487 2865 nomine
501 2803 534 2864 et
549 2796 622 2866 vine
637 2795 717 2864 dicti
734 2795 922 2876 Potestatis,
939 2793 1076 2862 Consilii
1092 2801 1125 2862 et
1142 2795 1330 2862 communio
1347 2792 1469 2880 Tragu-

358 2905 408 2992 rii,
424 2911 458 2972 et
473 2923 533 2990 pro
549 2903 633 2992 ipsis
649 2904 799 2972 omnibus
826 2901 1053 2986 fidejubendo,
1080 2910 1112 2968 et
1140 2921 1177 2971 se
1204 2924 1261 2989 pro
1285 2901 1388 2972 nobili
1405 2903 1472 2970 viro
1521 2899 1522 2926 *

356 3015 486 3084 domino
504 3013 625 3080 Comite
642 3013 787 3098 Georgio
803 3011 1011 3078 Berberiensi
1034 3019 1100 3079 tarn
1118 3032 1176 3079 suo
1195 3013 1332 3096 nomine,
1350 3018 1384 3080 et
1399 3031 1469 3080 suo·

360 3139 430 3190 rum
446 3121 631 3206 hominum,
649 3139 746 3204 quam
763 3119 893 3188 nomine
913 3116 1101 3186 Communis
1118 3126 1151 3186 et
1167 3117 1331 3188 hominum
1346 3117 1470 3187 Almioii

357 3230 582 3316 principaliter
607 3227 786 3312 obligando
813 3228 846 3292 in
863 3225 959 3294 libris
977 3235 1008 3292 et
1024 3247 1083 3314 pro
1100 3227 1193 3295 libris
1220 3227 1315 3296 trium
1339 3229 1468 3294 millium
1521 3235 1522 3282 ὲ

357 3338 562 3405 denariorum
581 3337 778 3404 Venetorum
793 3355 989 3423 parvorum
1006 3335 1158 3404 dominus
1171 3337 1314 3404 Marinus
1332 3336 1468 3405 Dorbnic
1521 3349 1522 3404 ἰ

356 3445 465 3514 ludex
490 3443 582 3515 cirre
608 3443 862 3530 Sybenioensis‚
904 3442 1081 3530 syndicus,
1109 3451 1301 3530 procurator
1327 3451 1359 3511 et
1384 3452 1468 3515 actor

357 3555 492 3640 Egregii
509 3553 572 3620 viri
598 3551 720 3618 donnini
747 3551 879 3637 Georgii
894 3552 1021 3637 Jorisig
1046 3554 1087 3618 de
1104 3555 1266 3633 Berteris,
1292 3555 1464 3624 Potestatis
1521 3555 1522 3600 ἲ

357 3662 609 3752 Sybenioensis,
636 3661 799 3729 llilobrati
817 3663 1000 3748 Drngozai,
1027 3663 1100 3729 Elis
1127 3663 1337 3751 Dragovani,
1363 3665 1463 3732 Marso

358 3770 510 3858 Gregorii
527 3777 559 3838 et
575 3771 693 3837 llarini
714 3768 857 3838 Drobine
883 3771 1035 3840 Jndiounr
1061 3772 1148 3840 dicte
1166 3781 1250 3839 terre
1275 3774 1461 3860 Sybenioen·
1521 3763 1522 3778 ²

358 3879 405 3946 sis
420 3879 465 3946 ed
493 3878 703 3964 infrascripta
729 3879 917 3964 specialiter
943 3881 1159 3968 constitutus,
1188 3890 1222 3948 ut
1239 3881 1461 3952 continetcrin
1521 3945 1522 3956 ,

356 3987 572 4053 instrumento
598 3985 677 4054 dicti
703 3985 903 4072 Syndioatus
929 3987 1017 4056 facto
1042 4009 1127 4057 anno
1156 3989 1325 4060 Dominioe
1346 3991 1459 4059 Natiui-
1521 3975 1522 3986 ¹

357 4095 435 4162 tatis
452 4093 623 4162 millesimo
649 4093 872 4164 ducentesimo
899 4099 1113 4184 nonagesimo
1142 4106 1258 4182 qundo
1284 4099 1459 4168 Indiooione
1521 4127 1522 4130 ¹

357 4201 440 4290 vll,
456 4201 511 4270 die
527 4201 619 4270 Jovis
645 4203 732 4270 Vlll.
749 4204 892 4271 intrante
919 4207 1040 4291 Aprili,
1068 4214 1101 4272 et
1116 4208 1239 4291 s'oripto
1266 4229 1324 4294 per
1341 4227 1459 4276 menon

358 4309 525 4380 Vincenoii
543 4311 671 4379 Diuiazi
698 4312 932 4395 Sybeniceneis
949 4317 1056 4384 Jnrati
1073 4317 1209 4400 Notarii,
1228 4338 1249 4382 a
1266 4339 1314 4385 rue
1331 4317 1472 4386 Antonio
1521 4383 1522 4388 ,

357 4420 472 4486 iudice
498 4430 529 4486 et
544 4421 681 4487 Notario
707 4421 917 4510 infrascripto
942 4429 1012 4491 viso
1030 4431 1063 4493 et
1085 4427 1182 4510 lecto,
1199 4431 1331 4496 nomine
1347 4436 1378 4496 et
1399 4429 1457 4495 rice

359 4527 518 4594 dictorum
544 4531 665 4597 domini
682 4531 879 4612 Potestatis,
901 4533 1051 4602 lodicum
1069 4541 1102 4601 et
1119 4535 1254 4604 Consilii
1278 4547 1312 4602 et
1328 4539 1456 4606 Gonnu-

359 4637 409 4701 uis
426 4633 670 4724 Sybeuiccnsie,
688 4648 721 4704 et
735 4659 794 4724 pro
811 4641 892 4723 ipsis
909 4643 1058 4711 omuibus
1075 4643 1294 4732 fidejubendo,
1312 4657 1344 4714 et
1359 4665 1393 4714 se
1406 4664 1451 4734 pro
1521 4691 1522 4748 l
