3130 5158
587 299 738 401 Ab„

103 495 231 560 minum
247 491 443 578 Episcopum
460 502 493 563 et
508 494 642 563 fratrem
669 514 762 562 suum
778 518 909 567 mouere
927 501 1120 586 potuissent.
1137 505 1219 572 ltem

103 624 206 689 super
221 601 371 670 omnibus
399 610 430 667 et
454 602 647 672 omnimodis
672 604 971 692 destruccionibus,
988 611 1220 678 combustioni-

102 715 179 796 bus,
197 709 349 796 dampnis
366 709 463 796 datis,
480 718 514 778 ct
530 713 669 798 iniurijs,
686 715 740 780 uel
757 715 920 784 iniuriosis
931 718 1133 789 leccionibus
1151 718 1220 806 qui·

103 822 251 894 buslibet
275 818 351 888 hino
362 819 481 886 etinde
493 822 553 886 sub
571 857 614 870 -
631 859 669 872 -
688 857 732 868 —
748 825 906 894 -illatis
922 828 1142 915 usquemodo,
1162 847 1220 897 sou

104 947 211 1014 nsque
235 929 346 996 datam
379 929 584 1014 presencium
610 929 810 1017 litterarum,
838 933 1013 1002 seeundum
1047 938 1218 1006 arbitrium

103 1039 280 1128 proborum
297 1037 438 1104 virorum
455 1037 766 1123 oonprouincialium
792 1041 856 1110 sibi
871 1042 1011 1110 invicem
1028 1051 1062 1110 et
1080 1045 1122 1112 ab
1138 1045 1220 1114 iuvi·

104 1169 197 1230 cem,
224 1152 333 1212 mutuo
358 1143 621 1230 satisfacientes,
648 1157 839 1234 perpetuam
863 1169 980 1238 pacem
996 1170 1032 1219 se
1047 1153 1171 1222 habere
1186 1162 1220 1224 ct

102 1273 307 1326 conseruare
322 1254 355 1318 in
380 1251 520 1320 futurum
545 1263 621 1322 sunt
646 1257 789 1324 confessi
812 1261 943 1326 oraculo
959 1260 1034 1328 uiue
1052 1263 1162 1346 uocis,
1186 1271 1220 1332 et

103 1366 194 1454 quod
209 1371 325 1434 neutra
334 1365 481 1447 parcium
491 1362 628 1432 alteram
638 1375 766 1451 partem
783 1389 882 1455 super
893 1371 1055 1456 preteritis
1066 1371 1218 1460 dampnis

102 1474 303 1560 quibuslibet
319 1473 371 1540 uel
386 1472 515 1558 iniurijs
531 1475 650 1560 poterit
665 1478 842 1544 molestare
857 1479 892 1544 in
913 1478 1065 1546 futurum.
1093 1480 1130 1548 si
1145 1480 1218 1563 quis

101 1604 183 1652 vero
209 1585 353 1669 parcium
377 1583 421 1648 ab
447 1580 632 1648 huiusmodi
653 1585 897 1669 composicione
922 1587 1090 1672 resiliens,
1118 1605 1219 1672 super

102 1691 266 1778 preteritis
281 1687 480 1774 quibuslibet
504 1688 666 1778 dampnis,
683 1695 736 1760 uel
752 1713 850 1779 super
866 1693 1063 1777 quibuslibet
1085 1695 1217 1764 iniurio-

101 1803 151 1870 sis
163 1799 544 1866 l'acoiouibusadnersus
555 1801 691 1868 alteram
703 1809 842 1886 partem,
861 1803 951 1868 litem
960 1802 1099 1870 mouerit
1107 1820 1218 1886 qnam·

101 1929 238 1992 eumque
252 1930 260 1992 ;
275 1907 352 1974 item
369 1915 441 1990 post
467 1905 578 1973 datam
604 1909 808 1994 presencium
824 1911 853 1976 si
869 1913 941 1994 quis
965 1911 1109 1995 parcium
1132 1911 1220 1980 rixa·

100 2041 173 2087 rum
189 2015 397 2086 susscitatrix
407 2063 416 2096 ,
434 2013 485 2080 nel
502 2014 796 2084 controuersiarum
821 2018 1007 2103 incitatrix,
1028 2019 1218 2089 iniuriarum

100 2126 297 2211 irrogatrix,
326 2122 537 2208 dampnorum
555 2123 665 2190 datrix
689 2125 924 2208 quorumlibet,
951 2125 1079 2193 cedium
1095 2127 1218 2196 illatrix

100 2233 249 2302 extiterit
263 2233 296 2298 iu
312 2232 469 2314 futurum,
496 2237 528 2297 et
543 2229 606 2297 boo
621 2232 717 2300 nobis
734 2239 768 2298 et
783 2234 936 2320 Oopitnlo
959 2233 1139 2304 Bonnensis
1154 2236 1217 2302 lle·

99 2344 204 2412 olesie
219 2361 279 2428 per
294 2339 441 2406 homines
456 2344 585 2406 nostros
597 2340 872 2409 certitudinalitar
888 2344 1082 2428 constiterit,
1100 2351 1217 2412 extunc

98 2455 186 2518 sicut
202 2451 266 2517 iam
283 2469 388 2532 nuno,
414 2446 457 2512 ad
473 2455 619 2516 nostrum
646 2457 679 2514 et
696 2449 841 2516 eiusdem
869 2450 1011 2535 Capituli
1037 2452 1217 2521 Bonnensis

98 2559 249 2628 Ecclesie
265 2559 400 2640 scitum,
418 2565 450 2622 et
466 2558 510 2624 ad
525 2557 783 2641 inquisicionem,
798 2561 862 2628 beo
877 2579 957 2644 pars
974 2562 1062 2628 sicut
1076 2561 1215 2647 rebellis,

98 2669 217 2754 preuia
234 2666 394 2734 citaoions
410 2665 508 2750 facta,
525 2667 650 2750 absque
669 2669 804 2754 strepltu
823 2668 962 2736 alicuius
976 2667 1112 2756 jndicij‚
1129 2669 1216 2739 omni

98 2773 287 2856 occasione,
306 2773 470 2840 dilacione
495 2781 527 2840 et
544 2774 691 2857 qualibet
710 2774 992 2859 tergiuersacioue
1007 2777 1158 2860 remotis,
1182 2778 1216 2844 in

98 2885 259 2967 termino,
276 2902 370 2967 quem
389 2881 497 2950 Jndex
514 2881 749 2966 assignandum
766 2883 914 2965 duxerit,
941 2889 1070 2950 centnm
1086 2905 1215 2952 marcas

97 2996 186 3080 parti
201 2993 340 3060 aduerse
349 2992 478 3060 soluere
492 2998 652 3058 teneatur.
663 2993 732 3059 Nos
748 3013 826 3060 vero
837 2991 1024 3077 capitulum
1035 2993 1214 3060 Bonnensis

97 3103 258 3187 Ecclesie,
276 3103 426 3170 dabimus
443 3101 570 3170 litteras
587 3109 719 3170 nostras
735 3102 778 3168 ad
791 3100 954 3169 dominum
972 3103 1095 3190 Regem
1110 3110 1214 3170 trans-

98 3210 253 3279 ferendas
264 3259 272 3293 ,
300 3210 553 3294 transgressoris
570 3211 622 3276 uel
642 3216 919 3293 transgressorum
943 3211 1074 3278 nomina
1089 3228 1213 3294 sueque

97 3319 372 3405 transgressionis
389 3318 519 3385 modum
532 3319 601 3386 siue
619 3317 736 3386 seriem
755 3319 968 3386 continentes.
986 3317 1038 3384 Ad
1049 3319 1109 3386 hec
1127 3324 1213 3386 utra·

97 3447 164 3511 que
188 3447 265 3514 pars
291 3427 394 3494 noluit
418 3435 451 3494 et
475 3426 673 3511 assumpsit,
709 3433 745 3492 vt
770 3425 966 3494 venerabilis
991 3431 1086 3510 pater
1112 3424 1213 3492 domi-

97 3554 160 3601 uus
184 3543 294 3602 uostcr
312 3535 346 3600 P.
361 3535 425 3602 Dei
440 3533 552 3618 gracia
563 3533 746 3620 Episcopus
758 3531 1118 3616 Quinqueccolesiensis
1130 3531 1214 3601 hanc

96 3648 225 3730 partem
251 3640 405 3708 rebellem
423 3645 457 3706 et
480 3641 643 3724 quoslibet
658 3660 733 3708 suos
750 3639 795 3705 ad
820 3641 924 3726 ipsam
950 3640 1150 3725 pertinentes
1166 3639 1212 3706 iu-

96 3748 297 3832 terdicendi,
322 3749 546 3834 suspendendi
572 3755 605 3816 et
629 3747 930 3816 excommunicandi
955 3748 1077 3816 habeat
1095 3748 1211 3834 plena-

97 3861 180 3927 riam
206 3863 423 3944 potestatem,
456 3877 553 3942 quam
579 3856 709 3941 quidem
732 3857 933 3926 sentenciam
957 3859 1211 3924 excommunica·

97 3969 205 4040 aionis
221 3967 307 4036 idem
326 3968 473 4034 dominus
493 3975 602 4036 noster
618 3968 799 4055 Episcopus
820 3966 948 4049 absque
972 3965 1212 4034 intermissione

98 4082 133 4148 in
159 4076 295 4146 eandem
319 4081 465 4162 partem,
491 4081 525 4142 et
549 4082 664 4144 eontra
688 4094 765 4143 suos
788 4076 995 4161 promulgare
1020 4081 1053 4141 et
1071 4076 1211 4160 promul-

98 4189 191 4276 gari,
217 4185 385 4273 publicare
407 4191 440 4252 et
454 4185 614 4271 publicari
630 4185 741 4253 lacere
757 4189 917 4254 teneatur.
945 4183 1059 4251 Ymmo
1076 4204 1137 4251 nec
1156 4185 1212 4251 ab·

98 4298 229 4364 soluere
244 4293 367 4380 possit,
394 4291 497 4360 donec
512 4291 582 4360 lese
598 4293 652 4360 nel
667 4292 745 4361 lesis
762 4291 804 4360 de
821 4293 970 4380 dampnis
996 4309 1105 4358 eorum
1129 4291 1211 4358 satis

97 4405 156 4473 fiat
180 4407 409 4489 competenter.
433 4401 484 4468 Ab
499 4401 563 4468 hac
587 4409 695 4470 tameu
721 4402 890 4470 sentencie
916 4401 1210 4468 excommunionem

98 4513 150 4581 uis
174 4511 247 4582 sola
272 4509 469 4580 venerabilis
495 4531 635 4596 persona
651 4511 773 4579 domiui
788 4509 931 4597 Epscopi
957 4507 1135 4577 noroensis
1150 4508 1212 4576 Ec·

96 4623 200 4694 clesie
232 4617 390 4708 excipitur
415 4619 631 4690 excludendo.
668 4621 790 4694 Datum
814 4622 848 4691 in
881 4617 1103 4694 recusandi
1132 4617 1209 4712 lly-
