3094 5168
594 251 761 354 „pss-

115 459 210 539 gests
226 451 448 520 testimouium
473 457 646 537 presentes
674 450 894 518 concessimus
910 450 1039 518 litteras
1059 447 1238 515 munimine

114 560 217 626 nostri
233 558 334 646 sigilli
348 561 530 626 roboratas.
547 561 669 625 Datum
685 558 717 624 in
734 559 821 625 testo
837 560 940 626 Beate
956 559 1145 641 Margarete
1167 555 1237 623 Vir·

113 665 201 752 ginis
218 687 305 734 anno
322 665 456 734 Domini
473 667 643 736 millesimo
661 666 900 734 trecentesimo.

115 880 257 951 (Teutsch
271 879 303 937 ds
316 879 478 938 Firnlraber
490 878 679 936 Urlsundcnb.
692 898 717 937 a.
732 877 837 936 Gesch.
851 876 985 934 Sisbsnb.
1004 877 1026 933 1.
1039 877 1099 934 ksl.
1112 876 1175 930 218.
1188 874 1238 930 lli-

403 969 496 1027 bdsau
509 968 643 1040 Fejdrndl
655 969 717 1026 vlt.
731 968 759 1024 k.
773 971 798 1025 2.
811 989 833 1025 r.
847 970 909 1026 205.
923 965 953 1036 l.)

550 1277 808 1294 Μ

621 1873 691 1938 tot.

114 2085 160 2152 Aa
175 2087 298 2174 erda'lyr'
322 2088 478 2172 kdptalan
495 2089 597 2172 dtirja
618 2087 754 2151 lasabi
777 2085 963 2171 obmoopot,
980 2084 1062 2170 moly
1086 2085 1201 2148 suemus
1217 2107 1239 2147 a

115 2194 373 2260 kolounoosostorc'
387 2196 523 2280 apdtsa'q
541 2191 729 2280 Bopurtclalc
740 2191 1123 2257 birtobobobevezeccecou.
1142 2192 1239 2256 1300.

223 2409 411 2494 Capitulum
436 2407 587 2474 Ecclesia
612 2407 707 2475 Beati
733 2405 904 2476 llichaelis
921 2405 1121 2490 Archangeli
1136 2405 1240 2472 Tran-

115 2518 256 2586 siluanie
272 2517 423 2602 omnihus
440 2515 563 2584 Christi
578 2513 732 2582 fidelibus
748 2497 886 2602 presens
903 2515 1061 2601 scriptum
1078 2514 1240 2599 inspectu-

115 2627 159 2693 ris
185 2626 327 2695 salutem
353 2622 386 2690 iu
412 2627 554 2692 omnium
571 2626 748 2692 saluatore.
767 2625 845 2692 Cum
864 2643 993 2711 semper
1018 2624 1062 2688 sit
1077 2621 1241 2688 stabiliter

116 2737 148 2798 et
162 2731 258 2799 viuat
273 2731 359 2798 actio
370 2751 446 2797 oum
457 2751 493 2798 se
509 2732 606 2798 litera
623 2730 703 2798 facit
718 2728 943 2812 deffensorem,
957 2729 1094 2813 proinde
1111 2729 1153 2795 ad
1169 2729 1238 2796 vni·

115 2859 283 2909 uersurum
301 2839 456 2908 noticiam
475 2845 544 2906 tam
564 2838 770 2924 presencium
798 2859 896 2923 quam
921 2839 1100 2905 futurorum
1126 2836 1239 2903 barum

115 2950 200 3015 serie
215 2947 364 3016 volumus
380 2945 573 3034 peruenire,
599 2945 686 3032 quod
711 2947 885 3032 religiosus
899 2945 949 3016 vir
973 2946 1076 3013 lrater
1093 2947 1240 3014 Lazarus

114 3057 226 3124 Abbas
253 3053 295 3120 de
319 3053 587 3121 (lolusmonustra
604 3053 647 3119 ad
670 3059 817 3121 nostram
842 3054 1007 3122 accedens
1033 3051 1239 3140 presenciam

115 3161 368 3229 exhibuitnobis
385 3161 547 3246 quasdam
564 3161 689 3230 litteras
705 3162 974 3250 rescrlpcionales
986 3163 1045 3232 sub
1057 3163 1168 3246 sigillo
1184 3183 1239 3230 uo-

115 3277 182 3340 stro
200 3269 319 3338 minori
335 3273 501 3338 confectas
517 3275 634 3356 petens
650 3290 710 3337 nos
727 3277 763 3339 vt
779 3269 913 3338 easdem
929 3269 970 3338 de
995 3271 1094 3340 verbo
1111 3269 1155 3338 ad
1172 3291 1240 3339 ver·

116 3379 190 3445 bum
208 3377 404 3446 transscribi
420 3385 454 3446 et
469 3378 502 3444 in
528 3377 666 3446 lormam
692 3381 796 3447 nostri
815 3379 979 3466 priuilegij
997 3379 1106 3466 redigi
1129 3379 1241 3448 iacere

117 3487 336 3574 dignaremur.
354 3487 498 3568 Quarum
515 3487 649 3574 quidem
668 3495 763 3557 tenor
778 3487 856 3557 talis
873 3495 946 3557 est:

222 3595 400 3680 Magnifice
425 3595 497 3664 viro
517 3601 551 3662 et
575 3595 713 3665 honesto
739 3596 896 3667 Ladialao
922 3597 987 3664 stb.
1014 3599 1095 3674 (mins
1122 3601 1238 3658 tanubb

118 3708 189 3765 145.
206 3728 246 3765 sa.
265 3707 304 3781 a.)

220 3809 292 3880 Nos
309 3809 394 3878 enim
411 3809 585 3899 legittimis
612 3817 644 3878 et
661 3813 816 3900 congruis
832 3812 1119 3899 postulationibus
1135 3809 1240 3898 ipsius

112 3916 238 3986 domini
255 3921 375 3988 Lazari
384 3917 525 3989 Abbatis
541 3927 573 3986 et
589 3919 717 3988 iusticie
733 3926 925 4006 annuentes,
942 3919 1110 4008 predictas
1127 3918 1241 3986 literas

111 4031 247 4092 nostras
264 4033 415 4112 patentes
426 4029 514 4094 omui
531 4027 720 4114 integritate
737 4028 912 4113 pollentes,
925 4049 991 4095 non
1007 4027 1156 4108 abrasas,
1175 4045 1241 4091 non

112 4131 330 4212 cancellatas,
347 4154 412 4201 non
428 4133 582 4221 abolitas,
598 4155 663 4202 non
681 4135 903 4220 obumbratas,
921 4135 1033 4204 necin
1053 4134 1165 4218 aliqua
1190 4133 1242 4200 sui

110 4245 208 4324 parte
225 4239 366 4307 violatas
378 4241 419 4308 de
429 4241 530 4309 verbo
547 4241 740 4310 adverbum
763 4244 956 4311 transscribi
972 4251 1005 4309 et
1021 4241 1242 4329 pendentibus

107 4346 217 4414 literis
234 4347 498 4432 priuilegialibus
513 4349 635 4417 nostris
649 4349 754 4418 inseri
772 4350 921 4430 lecimus,
938 4371 1022 4435 quas
1040 4350 1148 4419 eidem
1165 4367 1242 4415 corr·

109 4453 274 4522 cessimus
300 4453 344 4519 ad
371 4457 548 4522 cautelam.
569 4457 690 4523 Datum
715 4458 748 4524 iu
774 4457 860 4526 festo
885 4459 1094 4526 lnusnoionls
1120 4457 1243 4526 Sancte

108 4561 228 4630 Crucis
245 4580 333 4628 anuo
358 4562 490 4630 Domini
515 4563 690 4633 millesimo
717 4563 827 4634 000⁰.
852 4565 1023 4653 Stephano
1052 4566 1240 4654 Prepesito,
