<?xml version="1.0" encoding="UTF-8"?>
<!DOCTYPE html PUBLIC "-//W3C//DTD XHTML 1.0 Transitional//EN"
    "http://www.w3.org/TR/xhtml1/DTD/xhtml1-transitional.dtd">
<html xmlns="http://www.w3.org/1999/xhtml" xml:lang="en" lang="en">
 <head>
  <title>
</title>
<meta http-equiv="Content-Type" content="text/html;charset=utf-8" />
  <meta name='ocr-system' content='tesseract 3.04.00' />
  <meta name='ocr-capabilities' content='ocr_page ocr_carea ocr_par ocr_line ocrx_word'/>
</head>
<body>
  <div class='ocr_page' id='page_1' title='image "./codexdiplomatic16wenzgoog_0085.png"; bbox 0 0 3144 5180; ppageno 0'>
   <div class='ocr_carea' id='block_1_1' title="bbox 868 367 911 432">
    <p class='ocr_par' dir='ltr' id='par_1_1' title="bbox 868 367 911 432">
     <span class='ocr_line' id='line_1_1' title="bbox 868 367 911 432; baseline -0.023 0"><span class='ocrx_word' id='word_1_1' title='bbox 868 367 911 432; x_wconf 79' lang='lat'><strong>52</strong></span> 
     </span>
    </p>
   </div>
   <div class='ocr_carea' id='block_1_2' title="bbox 327 563 1464 4754">
    <p class='ocr_par' dir='ltr' id='par_1_2' title="bbox 327 563 1464 4754">
     <span class='ocr_line' id='line_1_2' title="bbox 327 563 1458 648; baseline -0.006 -16"><span class='ocrx_word' id='word_1_2' title='bbox 327 574 359 632; x_wconf 87' lang='lat' dir='ltr'><strong>ct</strong></span> <span class='ocrx_word' id='word_1_3' title='bbox 376 565 553 632; x_wconf 77' lang='lat' dir='ltr'><strong>exercitum</strong></span> <span class='ocrx_word' id='word_1_4' title='bbox 579 566 649 630; x_wconf 85' lang='lat' dir='ltr'><strong>eius</strong></span> <span class='ocrx_word' id='word_1_5' title='bbox 676 565 959 648; x_wconf 89' lang='lat' dir='ltr'><strong>proficiscerentur</strong></span> <span class='ocrx_word' id='word_1_6' title='bbox 984 564 1052 630; x_wconf 91' lang='lat' dir='ltr'><strong>snis</strong></span> <span class='ocrx_word' id='word_1_7' title='bbox 1077 563 1219 648; x_wconf 88' lang='lat' dir='ltr'><strong>proprijs</strong></span> <span class='ocrx_word' id='word_1_8' title='bbox 1236 565 1266 628; x_wconf 92' lang='lat' dir='ltr'><strong>in</strong></span> <span class='ocrx_word' id='word_1_9' title='bbox 1287 564 1458 646; x_wconf 87' lang='lat' dir='ltr'><strong>personis,</strong></span> 
     </span>
     <span class='ocr_line' id='line_1_3' title="bbox 327 671 1460 757; baseline -0.008 -18"><span class='ocrx_word' id='word_1_10' title='bbox 327 673 416 740; x_wconf 83' lang='lat' dir='ltr'><strong>circa</strong></span> <span class='ocrx_word' id='word_1_11' title='bbox 433 673 614 739; x_wconf 79' lang='lat' dir='ltr'><strong>Ecclesiam</strong></span> <span class='ocrx_word' id='word_1_12' title='bbox 633 672 892 757; x_wconf 85' lang='lat' dir='ltr'><strong>SanctiGeorgij</strong></span> <span class='ocrx_word' id='word_1_13' title='bbox 910 672 1119 739; x_wconf 81' lang='lat' dir='ltr'><strong>constitutam</strong></span> <span class='ocrx_word' id='word_1_14' title='bbox 1131 673 1163 734; x_wconf 94' lang='lat' dir='ltr'><strong>in</strong></span> <span class='ocrx_word' id='word_1_15' title='bbox 1184 671 1279 736; x_wconf 91' lang='lat' dir='ltr'><strong>metis</strong></span> <span class='ocrx_word' id='word_1_16' title='bbox 1293 671 1364 737; x_wconf 89' lang='lat' dir='ltr'><strong>sine</strong></span> <span class='ocrx_word' id='word_1_17' title='bbox 1385 676 1460 733; x_wconf 79' lang='lat' dir='ltr'><strong>tor-</strong></span> 
     </span>
     <span class='ocr_line' id='line_1_4' title="bbox 327 779 1461 864; baseline -0.007 -18"><span class='ocrx_word' id='word_1_18' title='bbox 327 781 424 847; x_wconf 81' lang='lat' dir='ltr'><strong>minis</strong></span> <span class='ocrx_word' id='word_1_19' title='bbox 441 781 614 864; x_wconf 86' lang='lat' dir='ltr'><strong>Hnngarie</strong></span> <span class='ocrx_word' id='word_1_20' title='bbox 631 791 663 845; x_wconf 89' lang='lat' dir='ltr'><strong>et</strong></span> <span class='ocrx_word' id='word_1_21' title='bbox 689 781 821 847; x_wconf 70' lang='lat' dir='ltr'><strong>Austris</strong></span> <span class='ocrx_word' id='word_1_22' title='bbox 840 781 1019 864; x_wconf 87' lang='lat' dir='ltr'><strong>regionum,</strong></span> <span class='ocrx_word' id='word_1_23' title='bbox 1047 780 1131 844; x_wconf 87' lang='lat' dir='ltr'><strong>teria</strong></span> <span class='ocrx_word' id='word_1_24' title='bbox 1159 785 1276 860; x_wconf 87' lang='lat' dir='ltr'><strong>quarta</strong></span> <span class='ocrx_word' id='word_1_25' title='bbox 1300 779 1461 862; x_wconf 83' lang='lat' dir='ltr'><strong>proxima</strong></span> 
     </span>
     <span class='ocr_line' id='line_1_5' title="bbox 327 885 1460 976; baseline -0.011 -20"><span class='ocrx_word' id='word_1_26' title='bbox 327 896 402 976; x_wconf 90' lang='lat' dir='ltr'><strong>post</strong></span> <span class='ocrx_word' id='word_1_27' title='bbox 426 888 545 954; x_wconf 88' lang='lat' dir='ltr'><strong>festum</strong></span> <span class='ocrx_word' id='word_1_28' title='bbox 572 890 672 956; x_wconf 89' lang='lat' dir='ltr'><strong>Beate</strong></span> <span class='ocrx_word' id='word_1_29' title='bbox 699 889 845 974; x_wconf 81' lang='lat' dir='ltr'>Virginis</span> <span class='ocrx_word' id='word_1_30' title='bbox 872 889 1081 971; x_wconf 88' lang='lat' dir='ltr'><strong>llargarcthe</strong></span> <span class='ocrx_word' id='word_1_31' title='bbox 1107 887 1168 954; x_wconf 90' lang='lat' dir='ltr'><strong>hoc</strong></span> <span class='ocrx_word' id='word_1_32' title='bbox 1193 908 1277 951; x_wconf 88' lang='lat' dir='ltr'><strong>anno</strong></span> <span class='ocrx_word' id='word_1_33' title='bbox 1302 885 1460 963; x_wconf 83' lang='lat' dir='ltr'><strong>instanti,</strong></span> 
     </span>
     <span class='ocr_line' id='line_1_6' title="bbox 327 992 1463 1078; baseline -0.005 -18"><span class='ocrx_word' id='word_1_34' title='bbox 327 1007 479 1064; x_wconf 86' lang='lat' dir='ltr'><strong>strenuus</strong></span> <span class='ocrx_word' id='word_1_35' title='bbox 504 997 599 1062; x_wconf 89' lang='lat' dir='ltr'><strong>miles</strong></span> <span class='ocrx_word' id='word_1_36' title='bbox 617 997 787 1063; x_wconf 89' lang='lat' dir='ltr'><strong>Johannes</strong></span> <span class='ocrx_word' id='word_1_37' title='bbox 813 995 898 1062; x_wconf 86' lang='lat' dir='ltr'><strong>filius</strong></span> <span class='ocrx_word' id='word_1_38' title='bbox 926 997 1011 1062; x_wconf 82' lang='lat' dir='ltr'><strong>Petri</strong></span> <span class='ocrx_word' id='word_1_39' title='bbox 1034 996 1156 1061; x_wconf 91' lang='lat' dir='ltr'><strong>nobilis</strong></span> <span class='ocrx_word' id='word_1_40' title='bbox 1182 995 1311 1078; x_wconf 84' lang='lat' dir='ltr'><strong>iobagio</strong></span> <span class='ocrx_word' id='word_1_41' title='bbox 1338 992 1463 1056; x_wconf 82' lang='lat' dir='ltr'><strong>Custri</strong></span> 
     </span>
     <span class='ocr_line' id='line_1_7' title="bbox 327 1102 1463 1188; baseline -0.002 -20"><span class='ocrx_word' id='word_1_42' title='bbox 327 1103 551 1188; x_wconf 89' lang='lat' dir='ltr'><strong>Posoniensis,</strong></span> <span class='ocrx_word' id='word_1_43' title='bbox 570 1102 756 1167; x_wconf 73' lang='lat' dir='ltr'><strong>corumdem</strong></span> <span class='ocrx_word' id='word_1_44' title='bbox 772 1104 934 1169; x_wconf 89' lang='lat' dir='ltr'><strong>sociorum</strong></span> <span class='ocrx_word' id='word_1_45' title='bbox 961 1111 993 1168; x_wconf 87' lang='lat' dir='ltr'><strong>et</strong></span> <span class='ocrx_word' id='word_1_46' title='bbox 1015 1103 1304 1168; x_wconf 81' lang='lat' dir='ltr'><strong>concanonicorum</strong></span> <span class='ocrx_word' id='word_1_47' title='bbox 1321 1109 1463 1166; x_wconf 83' lang='lat' dir='ltr'><strong>nostro·</strong></span> 
     </span>
     <span class='ocr_line' id='line_1_8' title="bbox 327 1207 1463 1296; baseline -0.005 -19"><span class='ocrx_word' id='word_1_48' title='bbox 327 1233 407 1296; x_wconf 87' lang='lat' dir='ltr'><strong>rum,</strong></span> <span class='ocrx_word' id='word_1_49' title='bbox 425 1211 611 1278; x_wconf 85' lang='lat' dir='ltr'><strong>stallorum</strong></span> <span class='ocrx_word' id='word_1_50' title='bbox 629 1209 792 1278; x_wconf 85' lang='lat' dir='ltr'><strong>hominum</strong></span> <span class='ocrx_word' id='word_1_51' title='bbox 804 1211 849 1276; x_wconf 89' lang='lat' dir='ltr'><strong>ad</strong></span> <span class='ocrx_word' id='word_1_52' title='bbox 864 1210 1065 1293; x_wconf 77' lang='lat' dir='ltr'><strong>presenciam</strong></span> <span class='ocrx_word' id='word_1_53' title='bbox 1080 1208 1251 1282; x_wconf 86' lang='lat' dir='ltr'><strong>accedens,</strong></span> <span class='ocrx_word' id='word_1_54' title='bbox 1268 1209 1403 1291; x_wconf 86' lang='lat' dir='ltr'><strong>propria</strong></span> <span class='ocrx_word' id='word_1_55' title='bbox 1425 1207 1463 1272; x_wconf 94' lang='lat' dir='ltr'><strong>in</strong></span> 
     </span>
     <span class='ocr_line' id='line_1_9' title="bbox 328 1315 1464 1407; baseline -0.007 -19"><span class='ocrx_word' id='word_1_56' title='bbox 328 1341 480 1407; x_wconf 88' lang='lat' dir='ltr'><strong>persona,</strong></span> <span class='ocrx_word' id='word_1_57' title='bbox 498 1321 647 1387; x_wconf 80' lang='lat' dir='ltr'><strong>discretis</strong></span> <span class='ocrx_word' id='word_1_58' title='bbox 664 1321 762 1400; x_wconf 86' lang='lat' dir='ltr'><strong>viris,</strong></span> <span class='ocrx_word' id='word_1_59' title='bbox 790 1321 960 1402; x_wconf 79' lang='lat' dir='ltr'><strong>magistris</strong></span> <span class='ocrx_word' id='word_1_60' title='bbox 978 1319 1147 1384; x_wconf 90' lang='lat' dir='ltr'><strong>Dominico</strong></span> <span class='ocrx_word' id='word_1_61' title='bbox 1170 1319 1333 1401; x_wconf 88' lang='lat' dir='ltr'><strong>Preposito</strong></span> <span class='ocrx_word' id='word_1_62' title='bbox 1350 1315 1464 1382; x_wconf 86' lang='lat' dir='ltr'><strong>Poso-</strong></span> 
     </span>
     <span class='ocr_line' id='line_1_10' title="bbox 329 1425 1461 1496; baseline -0.004 -2"><span class='ocrx_word' id='word_1_63' title='bbox 329 1429 434 1495; x_wconf 87' lang='lat' dir='ltr'><strong>niensi</strong></span> <span class='ocrx_word' id='word_1_64' title='bbox 452 1429 628 1496; x_wconf 87' lang='lat' dir='ltr'><strong>karissimo</strong></span> <span class='ocrx_word' id='word_1_65' title='bbox 654 1429 687 1492; x_wconf 92' lang='lat' dir='ltr'><strong>in</strong></span> <span class='ocrx_word' id='word_1_66' title='bbox 704 1427 846 1495; x_wconf 92' lang='lat' dir='ltr'><strong>Domino</strong></span> <span class='ocrx_word' id='word_1_67' title='bbox 862 1427 953 1496; x_wconf 88' lang='lat' dir='ltr'><strong>socio</strong></span> <span class='ocrx_word' id='word_1_68' title='bbox 970 1439 1001 1494; x_wconf 89' lang='lat' dir='ltr'><strong>et</strong></span> <span class='ocrx_word' id='word_1_69' title='bbox 1018 1428 1117 1492; x_wconf 84' lang='lat' dir='ltr'><strong>tratre</strong></span> <span class='ocrx_word' id='word_1_70' title='bbox 1144 1435 1253 1493; x_wconf 87' lang='lat' dir='ltr'><strong>nostro</strong></span> <span class='ocrx_word' id='word_1_71' title='bbox 1280 1425 1326 1492; x_wconf 86' lang='lat' dir='ltr'><strong>ibi</strong></span> <span class='ocrx_word' id='word_1_72' title='bbox 1342 1425 1461 1492; x_wconf 86' lang='lat' dir='ltr'><strong>eciam</strong></span> 
     </span>
     <span class='ocr_line' id='line_1_11' title="bbox 330 1533 1459 1620; baseline -0.002 -18"><span class='ocrx_word' id='word_1_73' title='bbox 330 1535 514 1617; x_wconf 87' lang='lat' dir='ltr'><strong>constituto,</strong></span> <span class='ocrx_word' id='word_1_74' title='bbox 532 1535 643 1602; x_wconf 83' lang='lat' dir='ltr'><strong>taliter</strong></span> <span class='ocrx_word' id='word_1_75' title='bbox 658 1544 859 1620; x_wconf 80' lang='lat' dir='ltr'><strong>protestatus</strong></span> <span class='ocrx_word' id='word_1_76' title='bbox 886 1537 1016 1620; x_wconf 81' lang='lat' dir='ltr'><strong>publice</strong></span> <span class='ocrx_word' id='word_1_77' title='bbox 1033 1536 1178 1600; x_wconf 82' lang='lat' dir='ltr'><strong>extiterit</strong></span> <span class='ocrx_word' id='word_1_78' title='bbox 1202 1542 1235 1599; x_wconf 91' lang='lat' dir='ltr'><strong>et</strong></span> <span class='ocrx_word' id='word_1_79' title='bbox 1251 1533 1429 1600; x_wconf 89' lang='lat' dir='ltr'><strong>consessus</strong></span> <span class='ocrx_word' id='word_1_80' title='bbox 1450 1559 1459 1600; x_wconf 92' lang='lat'>:</span> 
     </span>
     <span class='ocr_line' id='line_1_12' title="bbox 330 1641 1464 1730; baseline 0 -23"><span class='ocrx_word' id='word_1_81' title='bbox 330 1643 504 1728; x_wconf 88' lang='lat' dir='ltr'><strong>quodcum</strong></span> <span class='ocrx_word' id='word_1_82' title='bbox 522 1644 595 1730; x_wconf 93' lang='lat' dir='ltr'><strong>ipse</strong></span> <span class='ocrx_word' id='word_1_83' title='bbox 605 1643 776 1711; x_wconf 83' lang='lat' dir='ltr'><strong>lohannes</strong></span> <span class='ocrx_word' id='word_1_84' title='bbox 794 1643 925 1710; x_wconf 90' lang='lat' dir='ltr'><strong>heredis</strong></span> <span class='ocrx_word' id='word_1_85' title='bbox 936 1643 1059 1710; x_wconf 84' lang='lat' dir='ltr'><strong>solacio</strong></span> <span class='ocrx_word' id='word_1_86' title='bbox 1077 1641 1249 1706; x_wconf 89' lang='lat' dir='ltr'><strong>dcstitntus</strong></span> <span class='ocrx_word' id='word_1_87' title='bbox 1272 1643 1303 1706; x_wconf 93' lang='lat' dir='ltr'><strong>in</strong></span> <span class='ocrx_word' id='word_1_88' title='bbox 1319 1644 1464 1726; x_wconf 81' lang='lat' dir='ltr'><strong>agmine</strong></span> 
     </span>
     <span class='ocr_line' id='line_1_13' title="bbox 330 1749 1461 1836; baseline -0.002 -18"><span class='ocrx_word' id='word_1_89' title='bbox 330 1749 476 1818; x_wconf 84' lang='lat' dir='ltr'><strong>eiusdem</strong></span> <span class='ocrx_word' id='word_1_90' title='bbox 493 1751 618 1817; x_wconf 92' lang='lat' dir='ltr'><strong>domini</strong></span> <span class='ocrx_word' id='word_1_91' title='bbox 644 1754 746 1818; x_wconf 80' lang='lat' dir='ltr'><strong>nostri</strong></span> <span class='ocrx_word' id='word_1_92' title='bbox 772 1752 873 1835; x_wconf 87' lang='lat' dir='ltr'><strong>Regis</strong></span> <span class='ocrx_word' id='word_1_93' title='bbox 900 1751 1006 1818; x_wconf 87' lang='lat' dir='ltr'><strong>eidem</strong></span> <span class='ocrx_word' id='word_1_94' title='bbox 1032 1749 1162 1815; x_wconf 84' lang='lat' dir='ltr'><strong>domino</strong></span> <span class='ocrx_word' id='word_1_95' title='bbox 1179 1750 1262 1836; x_wconf 84' lang='lat' dir='ltr'><strong>Regi</strong></span> <span class='ocrx_word' id='word_1_96' title='bbox 1278 1758 1310 1816; x_wconf 89' lang='lat' dir='ltr'><strong>ct</strong></span> <span class='ocrx_word' id='word_1_97' title='bbox 1334 1753 1461 1836; x_wconf 88' lang='lat' dir='ltr'><strong>Regno</strong></span> 
     </span>
     <span class='ocr_line' id='line_1_14' title="bbox 330 1859 1464 1946; baseline 0 -20"><span class='ocrx_word' id='word_1_98' title='bbox 330 1881 389 1928; x_wconf 91' lang='lat' dir='ltr'><strong>suo</strong></span> <span class='ocrx_word' id='word_1_99' title='bbox 407 1869 524 1928; x_wconf 89' lang='lat' dir='ltr'><strong>contra</strong></span> <span class='ocrx_word' id='word_1_100' title='bbox 541 1861 645 1946; x_wconf 89' lang='lat' dir='ltr'><strong>ipsum</strong></span> <span class='ocrx_word' id='word_1_101' title='bbox 657 1862 781 1928; x_wconf 80' lang='lat' dir='ltr'><strong>Ducem</strong></span> <span class='ocrx_word' id='word_1_102' title='bbox 798 1862 928 1926; x_wconf 87' lang='lat' dir='ltr'><strong>Austrie</strong></span> <span class='ocrx_word' id='word_1_103' title='bbox 945 1869 978 1926; x_wconf 90' lang='lat' dir='ltr'><strong>ct</strong></span> <span class='ocrx_word' id='word_1_104' title='bbox 989 1859 1210 1926; x_wconf 87' lang='lat' dir='ltr'><strong>Theotonicos</strong></span> <span class='ocrx_word' id='word_1_105' title='bbox 1226 1879 1301 1925; x_wconf 88' lang='lat' dir='ltr'><strong>suos</strong></span> <span class='ocrx_word' id='word_1_106' title='bbox 1316 1861 1464 1927; x_wconf 82' lang='lat' dir='ltr'><strong>Austra-</strong></span> 
     </span>
     <span class='ocr_line' id='line_1_15' title="bbox 328 1967 1463 2056; baseline -0.001 -20"><span class='ocrx_word' id='word_1_107' title='bbox 328 1972 378 2036; x_wconf 91' lang='lat' dir='ltr'><strong>lcs</strong></span> <span class='ocrx_word' id='word_1_108' title='bbox 395 1988 455 2054; x_wconf 92' lang='lat' dir='ltr'><strong>pro</strong></span> <span class='ocrx_word' id='word_1_109' title='bbox 473 1971 593 2035; x_wconf 87' lang='lat' dir='ltr'><strong>viribus</strong></span> <span class='ocrx_word' id='word_1_110' title='bbox 610 1979 643 2036; x_wconf 92' lang='lat' dir='ltr'><strong>et</strong></span> <span class='ocrx_word' id='word_1_111' title='bbox 658 1991 717 2054; x_wconf 93' lang='lat' dir='ltr'><strong>pro</strong></span> <span class='ocrx_word' id='word_1_112' title='bbox 735 1989 843 2056; x_wconf 88' lang='lat' dir='ltr'><strong>posse,</strong></span> <span class='ocrx_word' id='word_1_113' title='bbox 862 1977 1017 2052; x_wconf 86' lang='lat' dir='ltr'><strong>quantum</strong></span> <span class='ocrx_word' id='word_1_114' title='bbox 1034 1967 1124 2036; x_wconf 90' lang='lat' dir='ltr'><strong>Deus</strong></span> <span class='ocrx_word' id='word_1_115' title='bbox 1141 1970 1312 2055; x_wconf 85' lang='lat' dir='ltr'><strong>permittet,</strong></span> <span class='ocrx_word' id='word_1_116' title='bbox 1328 1971 1463 2036; x_wconf 86' lang='lat' dir='ltr'><strong>seruire</strong></span> 
     </span>
     <span class='ocr_line' id='line_1_16' title="bbox 331 2077 1461 2164; baseline 0.002 -21"><span class='ocrx_word' id='word_1_117' title='bbox 331 2077 471 2144; x_wconf 87' lang='lat' dir='ltr'><strong>fideliter</strong></span> <span class='ocrx_word' id='word_1_118' title='bbox 487 2078 637 2146; x_wconf 89' lang='lat' dir='ltr'><strong>intendat</strong></span> <span class='ocrx_word' id='word_1_119' title='bbox 653 2099 724 2144; x_wconf 91' lang='lat' dir='ltr'><strong>cum</strong></span> <span class='ocrx_word' id='word_1_120' title='bbox 741 2077 898 2144; x_wconf 86' lang='lat' dir='ltr'><strong>effusione</strong></span> <span class='ocrx_word' id='word_1_121' title='bbox 916 2079 967 2144; x_wconf 90' lang='lat' dir='ltr'><strong>sui</strong></span> <span class='ocrx_word' id='word_1_122' title='bbox 984 2080 1155 2160; x_wconf 87' lang='lat' dir='ltr'><strong>sanguinis</strong></span> <span class='ocrx_word' id='word_1_123' title='bbox 1166 2077 1357 2164; x_wconf 84' lang='lat' dir='ltr'><strong>dimicando,</strong></span> <span class='ocrx_word' id='word_1_124' title='bbox 1376 2099 1461 2145; x_wconf 92' lang='lat' dir='ltr'><strong>con-</strong></span> 
     </span>
     <span class='ocr_line' id='line_1_17' title="bbox 335 2185 1462 2272; baseline 0.002 -20"><span class='ocrx_word' id='word_1_125' title='bbox 335 2185 544 2270; x_wconf 86' lang='lat' dir='ltr'><strong>sideretque,</strong></span> <span class='ocrx_word' id='word_1_126' title='bbox 570 2197 605 2251; x_wconf 88' lang='lat' dir='ltr'><strong>vt</strong></span> <span class='ocrx_word' id='word_1_127' title='bbox 621 2189 699 2254; x_wconf 91' lang='lat' dir='ltr'><strong>belli</strong></span> <span class='ocrx_word' id='word_1_128' title='bbox 716 2186 832 2252; x_wconf 88' lang='lat' dir='ltr'><strong>dubius</strong></span> <span class='ocrx_word' id='word_1_129' title='bbox 849 2188 892 2252; x_wconf 89' lang='lat' dir='ltr'><strong>sit</strong></span> <span class='ocrx_word' id='word_1_130' title='bbox 913 2193 1059 2272; x_wconf 88' lang='lat' dir='ltr'><strong>euentus,</strong></span> <span class='ocrx_word' id='word_1_131' title='bbox 1086 2194 1119 2251; x_wconf 89' lang='lat' dir='ltr'><strong>et</strong></span> <span class='ocrx_word' id='word_1_132' title='bbox 1135 2187 1236 2253; x_wconf 91' lang='lat' dir='ltr'><strong>nichil</strong></span> <span class='ocrx_word' id='word_1_133' title='bbox 1261 2186 1303 2250; x_wconf 85' lang='lat' dir='ltr'><strong>sit</strong></span> <span class='ocrx_word' id='word_1_134' title='bbox 1327 2188 1462 2255; x_wconf 88' lang='lat' dir='ltr'><strong>cercius</strong></span> 
     </span>
     <span class='ocr_line' id='line_1_18' title="bbox 333 2295 1460 2380; baseline 0.003 -22"><span class='ocrx_word' id='word_1_135' title='bbox 333 2301 436 2362; x_wconf 87' lang='lat' dir='ltr'><strong>morte</strong></span> <span class='ocrx_word' id='word_1_136' title='bbox 451 2303 485 2361; x_wconf 90' lang='lat' dir='ltr'><strong>ct</strong></span> <span class='ocrx_word' id='word_1_137' title='bbox 501 2295 666 2362; x_wconf 90' lang='lat' dir='ltr'><strong>incercius</strong></span> <span class='ocrx_word' id='word_1_138' title='bbox 683 2296 897 2377; x_wconf 89' lang='lat' dir='ltr'><strong>horamortis‚</strong></span> <span class='ocrx_word' id='word_1_139' title='bbox 915 2303 948 2360; x_wconf 91' lang='lat' dir='ltr'><strong>et</strong></span> <span class='ocrx_word' id='word_1_140' title='bbox 964 2297 1080 2362; x_wconf 89' lang='lat' dir='ltr'><strong>melius</strong></span> <span class='ocrx_word' id='word_1_141' title='bbox 1100 2296 1219 2362; x_wconf 84' lang='lat' dir='ltr'><strong>existat</strong></span> <span class='ocrx_word' id='word_1_142' title='bbox 1238 2302 1364 2380; x_wconf 89' lang='lat' dir='ltr'><strong>tempus</strong></span> <span class='ocrx_word' id='word_1_143' title='bbox 1381 2315 1460 2380; x_wconf 89' lang='lat' dir='ltr'><strong>prc-</strong></span> 
     </span>
     <span class='ocr_line' id='line_1_19' title="bbox 332 2403 1458 2490; baseline 0.001 -23"><span class='ocrx_word' id='word_1_144' title='bbox 332 2404 453 2483; x_wconf 90' lang='lat' dir='ltr'><strong>uenire‚</strong></span> <span class='ocrx_word' id='word_1_145' title='bbox 471 2424 567 2486; x_wconf 86' lang='lat' dir='ltr'><strong>quam</strong></span> <span class='ocrx_word' id='word_1_146' title='bbox 584 2427 605 2470; x_wconf 91' lang='lat' dir='ltr'><strong>a</strong></span> <span class='ocrx_word' id='word_1_147' title='bbox 622 2413 770 2488; x_wconf 88' lang='lat' dir='ltr'><strong>tempore</strong></span> <span class='ocrx_word' id='word_1_148' title='bbox 786 2405 969 2490; x_wconf 89' lang='lat' dir='ltr'><strong>preucniri,</strong></span> <span class='ocrx_word' id='word_1_149' title='bbox 997 2407 1139 2470; x_wconf 89' lang='lat' dir='ltr'><strong>maxime</strong></span> <span class='ocrx_word' id='word_1_150' title='bbox 1155 2405 1188 2468; x_wconf 93' lang='lat' dir='ltr'><strong>in</strong></span> <span class='ocrx_word' id='word_1_151' title='bbox 1205 2403 1293 2471; x_wconf 85' lang='lat' dir='ltr'><strong>lacto</strong></span> <span class='ocrx_word' id='word_1_152' title='bbox 1308 2403 1388 2471; x_wconf 87' lang='lat' dir='ltr'><strong>talis</strong></span> <span class='ocrx_word' id='word_1_153' title='bbox 1407 2405 1458 2471; x_wconf 90' lang='lat' dir='ltr'><strong>di-</strong></span> 
     </span>
     <span class='ocr_line' id='line_1_20' title="bbox 332 2510 1457 2596; baseline 0.004 -20"><span class='ocrx_word' id='word_1_154' title='bbox 332 2510 494 2578; x_wconf 91' lang='lat' dir='ltr'><strong>scriminis</strong></span> <span class='ocrx_word' id='word_1_155' title='bbox 509 2513 695 2596; x_wconf 88' lang='lat' dir='ltr'><strong>generalis,</strong></span> <span class='ocrx_word' id='word_1_156' title='bbox 721 2515 792 2596; x_wconf 87' lang='lat' dir='ltr'><strong>ipse</strong></span> <span class='ocrx_word' id='word_1_157' title='bbox 809 2513 988 2594; x_wconf 82' lang='lat' dir='ltr'><strong>lohannes,</strong></span> <span class='ocrx_word' id='word_1_158' title='bbox 1007 2533 1065 2580; x_wconf 90' lang='lat' dir='ltr'><strong>seu</strong></span> <span class='ocrx_word' id='word_1_159' title='bbox 1082 2514 1125 2578; x_wconf 88' lang='lat' dir='ltr'><strong>ab</strong></span> <span class='ocrx_word' id='word_1_160' title='bbox 1143 2511 1255 2577; x_wconf 87' lang='lat' dir='ltr'><strong>eodem</strong></span> <span class='ocrx_word' id='word_1_161' title='bbox 1272 2512 1356 2580; x_wconf 93' lang='lat' dir='ltr'><strong>bello</strong></span> <span class='ocrx_word' id='word_1_162' title='bbox 1375 2535 1457 2581; x_wconf 85' lang='lat' dir='ltr'><strong>eua-</strong></span> 
     </span>
     <span class='ocr_line' id='line_1_21' title="bbox 333 2619 1456 2708; baseline 0.004 -24"><span class='ocrx_word' id='word_1_163' title='bbox 333 2619 401 2701; x_wconf 85' lang='lat' dir='ltr'><strong>dat,</strong></span> <span class='ocrx_word' id='word_1_164' title='bbox 420 2619 489 2684; x_wconf 87' lang='lat' dir='ltr'><strong>sine</strong></span> <span class='ocrx_word' id='word_1_165' title='bbox 504 2620 535 2685; x_wconf 91' lang='lat' dir='ltr'><strong>ei</strong></span> <span class='ocrx_word' id='word_1_166' title='bbox 551 2621 737 2687; x_wconf 80' lang='lat' dir='ltr'><strong>humaniter</strong></span> <span class='ocrx_word' id='word_1_167' title='bbox 752 2625 786 2688; x_wconf 92' lang='lat' dir='ltr'><strong>in</strong></span> <span class='ocrx_word' id='word_1_168' title='bbox 803 2623 917 2688; x_wconf 85' lang='lat' dir='ltr'><strong>codem</strong></span> <span class='ocrx_word' id='word_1_169' title='bbox 936 2623 1072 2688; x_wconf 87' lang='lat' dir='ltr'><strong>euenire</strong></span> <span class='ocrx_word' id='word_1_170' title='bbox 1090 2622 1268 2708; x_wconf 86' lang='lat' dir='ltr'><strong>contingat,</strong></span> <span class='ocrx_word' id='word_1_171' title='bbox 1286 2621 1456 2704; x_wconf 86' lang='lat' dir='ltr'><strong>quandam</strong></span> 
     </span>
     <span class='ocr_line' id='line_1_22' title="bbox 331 2728 1456 2812; baseline 0.002 -18"><span class='ocrx_word' id='word_1_172' title='bbox 331 2728 585 2812; x_wconf 86' lang='lat' dir='ltr'><strong>pussessionem,</strong></span> <span class='ocrx_word' id='word_1_173' title='bbox 603 2729 734 2812; x_wconf 89' lang='lat' dir='ltr'><strong>villam,</strong></span> <span class='ocrx_word' id='word_1_174' title='bbox 752 2750 810 2797; x_wconf 88' lang='lat' dir='ltr'><strong>scu</strong></span> <span class='ocrx_word' id='word_1_175' title='bbox 830 2738 949 2796; x_wconf 89' lang='lat' dir='ltr'><strong>terram</strong></span> <span class='ocrx_word' id='word_1_176' title='bbox 967 2751 1058 2797; x_wconf 91' lang='lat' dir='ltr'><strong>suam</strong></span> <span class='ocrx_word' id='word_1_177' title='bbox 1076 2730 1222 2797; x_wconf 79' lang='lat' dir='ltr'><strong>Thnrnie</strong></span> <span class='ocrx_word' id='word_1_178' title='bbox 1239 2738 1389 2796; x_wconf 86' lang='lat' dir='ltr'><strong>uocatam</strong></span> <span class='ocrx_word' id='word_1_179' title='bbox 1407 2733 1456 2796; x_wconf 89' lang='lat' dir='ltr'><strong>in-</strong></span> 
     </span>
     <span class='ocr_line' id='line_1_23' title="bbox 331 2835 1457 2925; baseline 0.004 -24"><span class='ocrx_word' id='word_1_180' title='bbox 331 2844 382 2901; x_wconf 89' lang='lat' dir='ltr'><strong>ter</strong></span> <span class='ocrx_word' id='word_1_181' title='bbox 397 2835 542 2918; x_wconf 78' lang='lat' dir='ltr'><strong>&#39;l&#39;yrnam</strong></span> <span class='ocrx_word' id='word_1_182' title='bbox 568 2845 600 2900; x_wconf 90' lang='lat' dir='ltr'><strong>et</strong></span> <span class='ocrx_word' id='word_1_183' title='bbox 625 2841 798 2905; x_wconf 88' lang='lat' dir='ltr'><strong>Posonium</strong></span> <span class='ocrx_word' id='word_1_184' title='bbox 824 2840 1037 2925; x_wconf 77' lang='lat' dir='ltr'><strong>existentem,</strong></span> <span class='ocrx_word' id='word_1_185' title='bbox 1065 2841 1276 2924; x_wconf 83' lang='lat' dir='ltr'><strong>plenitudinis</strong></span> <span class='ocrx_word' id='word_1_186' title='bbox 1304 2859 1362 2906; x_wconf 87' lang='lat' dir='ltr'><strong>sue</strong></span> <span class='ocrx_word' id='word_1_187' title='bbox 1394 2841 1457 2906; x_wconf 89' lang='lat' dir='ltr'><strong>snb</strong></span> 
     </span>
     <span class='ocr_line' id='line_1_24' title="bbox 333 2944 1457 3032; baseline 0.007 -23"><span class='ocrx_word' id='word_1_188' title='bbox 333 2944 476 3027; x_wconf 79' lang='lat' dir='ltr'><strong>antiquis</strong></span> <span class='ocrx_word' id='word_1_189' title='bbox 494 2947 658 3026; x_wconf 89' lang='lat' dir='ltr'><strong>terminis,</strong></span> <span class='ocrx_word' id='word_1_190' title='bbox 689 2946 760 3014; x_wconf 89' lang='lat' dir='ltr'><strong>siue</strong></span> <span class='ocrx_word' id='word_1_191' title='bbox 777 2951 891 3032; x_wconf 88' lang='lat' dir='ltr'><strong>metis,</strong></span> <span class='ocrx_word' id='word_1_192' title='bbox 919 2950 1036 3030; x_wconf 89' lang='lat' dir='ltr'><strong>quibus</strong></span> <span class='ocrx_word' id='word_1_193' title='bbox 1055 2969 1074 3013; x_wconf 90' lang='lat' dir='ltr'><strong>a</strong></span> <span class='ocrx_word' id='word_1_194' title='bbox 1091 2955 1257 3032; x_wconf 88' lang='lat' dir='ltr'><strong>tempore,</strong></span> <span class='ocrx_word' id='word_1_195' title='bbox 1281 2949 1372 3014; x_wconf 90' lang='lat' dir='ltr'><strong>cuius</strong></span> <span class='ocrx_word' id='word_1_196' title='bbox 1390 2969 1457 3017; x_wconf 91' lang='lat' dir='ltr'><strong>non</strong></span> 
     </span>
     <span class='ocr_line' id='line_1_25' title="bbox 334 3055 1459 3141; baseline 0.004 -23"><span class='ocrx_word' id='word_1_197' title='bbox 334 3059 426 3118; x_wconf 87' lang='lat' dir='ltr'><strong>extat</strong></span> <span class='ocrx_word' id='word_1_198' title='bbox 442 3055 618 3138; x_wconf 88' lang='lat' dir='ltr'><strong>memoria,</strong></span> <span class='ocrx_word' id='word_1_199' title='bbox 636 3056 678 3121; x_wconf 87' lang='lat' dir='ltr'><strong>ab</strong></span> <span class='ocrx_word' id='word_1_200' title='bbox 695 3055 772 3122; x_wconf 92' lang='lat' dir='ltr'><strong>olim</strong></span> <span class='ocrx_word' id='word_1_201' title='bbox 789 3058 896 3122; x_wconf 86' lang='lat' dir='ltr'><strong>extitit</strong></span> <span class='ocrx_word' id='word_1_202' title='bbox 913 3059 1074 3140; x_wconf 90' lang='lat' dir='ltr'><strong>limitata,</strong></span> <span class='ocrx_word' id='word_1_203' title='bbox 1101 3057 1233 3138; x_wconf 87' lang='lat' dir='ltr'><strong>habita,</strong></span> <span class='ocrx_word' id='word_1_204' title='bbox 1253 3063 1284 3122; x_wconf 89' lang='lat' dir='ltr'><strong>et</strong></span> <span class='ocrx_word' id='word_1_205' title='bbox 1300 3075 1459 3141; x_wconf 83' lang='lat' dir='ltr'><strong>possessa</strong></span> 
     </span>
     <span class='ocr_line' id='line_1_26' title="bbox 334 3159 1457 3252; baseline 0.005 -26"><span class='ocrx_word' id='word_1_206' title='bbox 334 3159 440 3226; x_wconf 89' lang='lat' dir='ltr'><strong>eidem</strong></span> <span class='ocrx_word' id='word_1_207' title='bbox 458 3161 606 3230; x_wconf 81' lang='lat' dir='ltr'><strong>Ecclesie</strong></span> <span class='ocrx_word' id='word_1_208' title='bbox 624 3161 737 3230; x_wconf 87' lang='lat' dir='ltr'><strong>Sancti</strong></span> <span class='ocrx_word' id='word_1_209' title='bbox 756 3167 943 3233; x_wconf 79' lang='lat' dir='ltr'><strong>saluatoris</strong></span> <span class='ocrx_word' id='word_1_210' title='bbox 961 3165 1001 3231; x_wconf 93' lang='lat' dir='ltr'><strong>de</strong></span> <span class='ocrx_word' id='word_1_211' title='bbox 1016 3169 1176 3244; x_wconf 88' lang='lat' dir='ltr'><strong>Posonio,</strong></span> <span class='ocrx_word' id='word_1_212' title='bbox 1194 3166 1286 3232; x_wconf 87' lang='lat' dir='ltr'><strong>cuius</strong></span> <span class='ocrx_word' id='word_1_213' title='bbox 1305 3167 1457 3252; x_wconf 89' lang='lat' dir='ltr'><strong>progeni-</strong></span> 
     </span>
     <span class='ocr_line' id='line_1_27' title="bbox 334 3273 1458 3358; baseline 0.004 -25"><span class='ocrx_word' id='word_1_214' title='bbox 334 3275 422 3334; x_wconf 88' lang='lat' dir='ltr'><strong>tores</strong></span> <span class='ocrx_word' id='word_1_215' title='bbox 439 3275 471 3334; x_wconf 90' lang='lat' dir='ltr'><strong>et</strong></span> <span class='ocrx_word' id='word_1_216' title='bbox 487 3276 716 3336; x_wconf 87' lang='lat' dir='ltr'><strong>antecessores</strong></span> <span class='ocrx_word' id='word_1_217' title='bbox 743 3275 811 3339; x_wconf 86' lang='lat' dir='ltr'><strong>eins</strong></span> <span class='ocrx_word' id='word_1_218' title='bbox 837 3282 912 3338; x_wconf 88' lang='lat' dir='ltr'><strong>sunt</strong></span> <span class='ocrx_word' id='word_1_219' title='bbox 928 3276 996 3339; x_wconf 86' lang='lat' dir='ltr'><strong>ueri</strong></span> <span class='ocrx_word' id='word_1_220' title='bbox 1014 3275 1161 3358; x_wconf 90' lang='lat' dir='ltr'><strong>patroni,</strong></span> <span class='ocrx_word' id='word_1_221' title='bbox 1188 3295 1247 3358; x_wconf 89' lang='lat' dir='ltr'><strong>pro</strong></span> <span class='ocrx_word' id='word_1_222' title='bbox 1265 3273 1409 3341; x_wconf 87' lang='lat' dir='ltr'><strong>remedio</strong></span> <span class='ocrx_word' id='word_1_223' title='bbox 1423 3285 1458 3338; x_wconf 89' lang='lat' dir='ltr'><strong>et</strong></span> 
     </span>
     <span class='ocr_line' id='line_1_28' title="bbox 334 3376 1457 3465; baseline 0.008 -24"><span class='ocrx_word' id='word_1_224' title='bbox 334 3376 504 3460; x_wconf 82' lang='lat' dir='ltr'><strong>refrigerio</strong></span> <span class='ocrx_word' id='word_1_225' title='bbox 522 3381 629 3443; x_wconf 90' lang='lat' dir='ltr'><strong>anime</strong></span> <span class='ocrx_word' id='word_1_226' title='bbox 648 3399 707 3444; x_wconf 89' lang='lat' dir='ltr'><strong>sue</strong></span> <span class='ocrx_word' id='word_1_227' title='bbox 723 3391 756 3444; x_wconf 93' lang='lat' dir='ltr'><strong>ct</strong></span> <span class='ocrx_word' id='word_1_228' title='bbox 782 3391 951 3465; x_wconf 88' lang='lat' dir='ltr'><strong>parentum</strong></span> <span class='ocrx_word' id='word_1_229' title='bbox 968 3402 1008 3448; x_wconf 86' lang='lat' dir='ltr'><strong>ac</strong></span> <span class='ocrx_word' id='word_1_230' title='bbox 1033 3381 1170 3446; x_wconf 87' lang='lat' dir='ltr'><strong>aliorum</strong></span> <span class='ocrx_word' id='word_1_231' title='bbox 1187 3402 1336 3449; x_wconf 85' lang='lat' dir='ltr'><strong>carorum</strong></span> <span class='ocrx_word' id='word_1_232' title='bbox 1353 3391 1387 3450; x_wconf 88' lang='lat' dir='ltr'><strong>et</strong></span> <span class='ocrx_word' id='word_1_233' title='bbox 1403 3405 1457 3450; x_wconf 91' lang='lat' dir='ltr'><strong>co·</strong></span> 
     </span>
     <span class='ocr_line' id='line_1_29' title="bbox 335 3487 1457 3579; baseline 0.008 -30"><span class='ocrx_word' id='word_1_234' title='bbox 335 3492 506 3569; x_wconf 86' lang='lat' dir='ltr'><strong>gnatorum</strong></span> <span class='ocrx_word' id='word_1_235' title='bbox 523 3505 653 3553; x_wconf 87' lang='lat' dir='ltr'><strong>suorum</strong></span> <span class='ocrx_word' id='word_1_236' title='bbox 680 3487 848 3572; x_wconf 90' lang='lat' dir='ltr'><strong>reliquerit</strong></span> <span class='ocrx_word' id='word_1_237' title='bbox 881 3501 912 3557; x_wconf 93' lang='lat' dir='ltr'><strong>et</strong></span> <span class='ocrx_word' id='word_1_238' title='bbox 932 3491 1123 3574; x_wconf 86' lang='lat' dir='ltr'><strong>donauerit,</strong></span> <span class='ocrx_word' id='word_1_239' title='bbox 1150 3511 1190 3556; x_wconf 89' lang='lat' dir='ltr'><strong>ac</strong></span> <span class='ocrx_word' id='word_1_240' title='bbox 1206 3493 1381 3558; x_wconf 88' lang='lat' dir='ltr'><strong>contulerit</strong></span> <span class='ocrx_word' id='word_1_241' title='bbox 1396 3513 1457 3579; x_wconf 91' lang='lat' dir='ltr'><strong>pro</strong></span> 
     </span>
     <span class='ocr_line' id='line_1_30' title="bbox 334 3592 1455 3669; baseline 0.01 -11"><span class='ocrx_word' id='word_1_242' title='bbox 334 3592 509 3659; x_wconf 88' lang='lat' dir='ltr'><strong>obtinendo</strong></span> <span class='ocrx_word' id='word_1_243' title='bbox 535 3595 653 3662; x_wconf 87' lang='lat' dir='ltr'><strong>salutis</strong></span> <span class='ocrx_word' id='word_1_244' title='bbox 680 3597 795 3662; x_wconf 85' lang='lat' dir='ltr'><strong>brauio</strong></span> <span class='ocrx_word' id='word_1_245' title='bbox 824 3599 945 3664; x_wconf 90' lang='lat' dir='ltr'><strong>intuitu</strong></span> <span class='ocrx_word' id='word_1_246' title='bbox 972 3605 1155 3665; x_wconf 85' lang='lat' dir='ltr'><strong>eternorum</strong></span> <span class='ocrx_word' id='word_1_247' title='bbox 1183 3601 1215 3664; x_wconf 90' lang='lat' dir='ltr'><strong>in</strong></span> <span class='ocrx_word' id='word_1_248' title='bbox 1242 3601 1455 3669; x_wconf 80' lang='lat' dir='ltr'><strong>elemosinam</strong></span> 
     </span>
     <span class='ocr_line' id='line_1_31' title="bbox 334 3699 1457 3790; baseline 0.006 -24"><span class='ocrx_word' id='word_1_249' title='bbox 334 3699 577 3784; x_wconf 85' lang='lat' dir='ltr'><strong>sempiternam,</strong></span> <span class='ocrx_word' id='word_1_250' title='bbox 595 3703 627 3766; x_wconf 93' lang='lat' dir='ltr'><strong>in</strong></span> <span class='ocrx_word' id='word_1_251' title='bbox 645 3703 791 3769; x_wconf 89' lang='lat' dir='ltr'><strong>eiusdem</strong></span> <span class='ocrx_word' id='word_1_252' title='bbox 811 3705 957 3772; x_wconf 83' lang='lat' dir='ltr'><strong>Ecclesic</strong></span> <span class='ocrx_word' id='word_1_253' title='bbox 982 3707 1152 3790; x_wconf 83' lang='lat' dir='ltr'><strong>cymiterio</strong></span> <span class='ocrx_word' id='word_1_254' title='bbox 1168 3705 1252 3772; x_wconf 88' lang='lat' dir='ltr'><strong>inter</strong></span> <span class='ocrx_word' id='word_1_255' title='bbox 1269 3727 1366 3776; x_wconf 89' lang='lat' dir='ltr'><strong>caros</strong></span> <span class='ocrx_word' id='word_1_256' title='bbox 1382 3728 1457 3776; x_wconf 91' lang='lat' dir='ltr'><strong>suos</strong></span> 
     </span>
     <span class='ocr_line' id='line_1_32' title="bbox 334 3811 1457 3901; baseline 0.007 -27"><span class='ocrx_word' id='word_1_257' title='bbox 334 3827 377 3874; x_wconf 83' lang='lat' dir='ltr'><strong>ax</strong></span> <span class='ocrx_word' id='word_1_258' title='bbox 392 3813 469 3876; x_wconf 83' lang='lat' dir='ltr'><strong>soto</strong></span> <span class='ocrx_word' id='word_1_259' title='bbox 486 3825 523 3873; x_wconf 90' lang='lat' dir='ltr'><strong>se</strong></span> <span class='ocrx_word' id='word_1_260' title='bbox 539 3816 657 3892; x_wconf 85' lang='lat' dir='ltr'><strong>optans</strong></span> <span class='ocrx_word' id='word_1_261' title='bbox 683 3811 768 3876; x_wconf 88' lang='lat' dir='ltr'><strong>tradi</strong></span> <span class='ocrx_word' id='word_1_262' title='bbox 786 3814 1009 3880; x_wconf 86' lang='lat' dir='ltr'><strong>ecclesiastice</strong></span> <span class='ocrx_word' id='word_1_263' title='bbox 1033 3814 1219 3898; x_wconf 87' lang='lat' dir='ltr'><strong>sepulture,</strong></span> <span class='ocrx_word' id='word_1_264' title='bbox 1247 3815 1362 3901; x_wconf 90' lang='lat' dir='ltr'><strong>inquo</strong></span> <span class='ocrx_word' id='word_1_265' title='bbox 1387 3819 1457 3884; x_wconf 91' lang='lat' dir='ltr'><strong>eius</strong></span> 
     </span>
     <span class='ocr_line' id='line_1_33' title="bbox 335 3921 1456 4004; baseline 0.01 -23"><span class='ocrx_word' id='word_1_266' title='bbox 335 3923 488 4000; x_wconf 87' lang='lat' dir='ltr'><strong>parentes</strong></span> <span class='ocrx_word' id='word_1_267' title='bbox 505 3923 538 3981; x_wconf 92' lang='lat' dir='ltr'><strong>et</strong></span> <span class='ocrx_word' id='word_1_268' title='bbox 553 3922 795 4004; x_wconf 86' lang='lat' dir='ltr'><strong>consanguinei</strong></span> <span class='ocrx_word' id='word_1_269' title='bbox 823 3923 1049 4004; x_wconf 85' lang='lat' dir='ltr'><strong>requiescunt,</strong></span> <span class='ocrx_word' id='word_1_270' title='bbox 1077 3921 1225 3988; x_wconf 89' lang='lat' dir='ltr'><strong>eiusdem</strong></span> <span class='ocrx_word' id='word_1_271' title='bbox 1243 3924 1456 3994; x_wconf 89' lang='lat' dir='ltr'><strong>Posoniensis</strong></span> 
     </span>
     <span class='ocr_line' id='line_1_34' title="bbox 335 4021 1455 4116; baseline 0.01 -28"><span class='ocrx_word' id='word_1_272' title='bbox 335 4021 483 4089; x_wconf 78' lang='lat' dir='ltr'><strong>Ecclesia</strong></span> <span class='ocrx_word' id='word_1_273' title='bbox 499 4023 541 4088; x_wconf 92' lang='lat' dir='ltr'><strong>ob</strong></span> <span class='ocrx_word' id='word_1_274' title='bbox 559 4028 782 4095; x_wconf 88' lang='lat' dir='ltr'><strong>reuerenciam</strong></span> <span class='ocrx_word' id='word_1_275' title='bbox 800 4032 997 4113; x_wconf 87' lang='lat' dir='ltr'><strong>specialem,</strong></span> <span class='ocrx_word' id='word_1_276' title='bbox 1025 4036 1058 4094; x_wconf 90' lang='lat' dir='ltr'><strong>et</strong></span> <span class='ocrx_word' id='word_1_277' title='bbox 1073 4030 1242 4116; x_wconf 89' lang='lat' dir='ltr'><strong>amplioris</strong></span> <span class='ocrx_word' id='word_1_278' title='bbox 1267 4029 1455 4102; x_wconf 82' lang='lat' dir='ltr'><strong>devocionis</strong></span> 
     </span>
     <span class='ocr_line' id='line_1_35' title="bbox 335 4130 1453 4226; baseline 0.011 -30"><span class='ocrx_word' id='word_1_279' title='bbox 335 4131 369 4197; x_wconf 93' lang='lat' dir='ltr'><strong>in</strong></span> <span class='ocrx_word' id='word_1_280' title='bbox 387 4130 512 4214; x_wconf 86' lang='lat' dir='ltr'><strong>signum</strong></span> <span class='ocrx_word' id='word_1_281' title='bbox 527 4181 535 4214; x_wconf 90' lang='lat'><strong>,</strong></span> <span class='ocrx_word' id='word_1_282' title='bbox 553 4151 780 4220; x_wconf 87' lang='lat' dir='ltr'><strong>assumpmens</strong></span> <span class='ocrx_word' id='word_1_283' title='bbox 806 4138 986 4204; x_wconf 64' lang='lat' dir='ltr'><strong>litteraliter</strong></span> <span class='ocrx_word' id='word_1_284' title='bbox 1004 4146 1035 4202; x_wconf 91' lang='lat' dir='ltr'><strong>et</strong></span> <span class='ocrx_word' id='word_1_285' title='bbox 1054 4137 1213 4222; x_wconf 89' lang='lat' dir='ltr'><strong>libenter,</strong></span> <span class='ocrx_word' id='word_1_286' title='bbox 1230 4141 1258 4205; x_wconf 89' lang='lat' dir='ltr'><strong>si</strong></span> <span class='ocrx_word' id='word_1_287' title='bbox 1274 4141 1383 4226; x_wconf 91' lang='lat' dir='ltr'><strong>ipsum</strong></span> <span class='ocrx_word' id='word_1_288' title='bbox 1400 4145 1453 4211; x_wconf 87' lang='lat' dir='ltr'><strong>Jo-</strong></span> 
     </span>
     <span class='ocr_line' id='line_1_36' title="bbox 336 4238 1453 4340; baseline 0.013 -36"><span class='ocrx_word' id='word_1_289' title='bbox 336 4240 479 4306; x_wconf 89' lang='lat' dir='ltr'><strong>hannem</strong></span> <span class='ocrx_word' id='word_1_290' title='bbox 492 4238 533 4306; x_wconf 91' lang='lat' dir='ltr'><strong>de</strong></span> <span class='ocrx_word' id='word_1_291' title='bbox 550 4242 666 4307; x_wconf 91' lang='lat' dir='ltr'><strong>eodem</strong></span> <span class='ocrx_word' id='word_1_292' title='bbox 678 4244 867 4312; x_wconf 87' lang='lat' dir='ltr'><strong>discrimine</strong></span> <span class='ocrx_word' id='word_1_293' title='bbox 878 4267 992 4314; x_wconf 86' lang='lat' dir='ltr'><strong>sanum</strong></span> <span class='ocrx_word' id='word_1_294' title='bbox 1009 4253 1042 4311; x_wconf 90' lang='lat' dir='ltr'><strong>et</strong></span> <span class='ocrx_word' id='word_1_295' title='bbox 1053 4247 1248 4314; x_wconf 90' lang='lat' dir='ltr'><strong>incolumem</strong></span> <span class='ocrx_word' id='word_1_296' title='bbox 1266 4249 1453 4340; x_wconf 63' lang='lat' dir='ltr'><strong>redireconf</strong></span> 
     </span>
     <span class='ocr_line' id='line_1_37' title="bbox 336 4347 1453 4442; baseline 0.014 -30"><span class='ocrx_word' id='word_1_297' title='bbox 336 4347 451 4428; x_wconf 80' lang='lat' dir='ltr'><strong>tingat</strong></span> <span class='ocrx_word' id='word_1_298' title='bbox 469 4367 541 4414; x_wconf 89' lang='lat' dir='ltr'><strong>eum</strong></span> <span class='ocrx_word' id='word_1_299' title='bbox 560 4349 629 4416; x_wconf 80' lang='lat' dir='ltr'><strong>ceti</strong></span> <span class='ocrx_word' id='word_1_300' title='bbox 645 4351 785 4419; x_wconf 89' lang='lat' dir='ltr'><strong>Domino</strong></span> <span class='ocrx_word' id='word_1_301' title='bbox 803 4355 1001 4434; x_wconf 84' lang='lat' dir='ltr'><strong>reducente,</strong></span> <span class='ocrx_word' id='word_1_302' title='bbox 1019 4359 1157 4442; x_wconf 92' lang='lat' dir='ltr'><strong>populos</strong></span> <span class='ocrx_word' id='word_1_303' title='bbox 1174 4364 1207 4424; x_wconf 94' lang='lat' dir='ltr'><strong>et</strong></span> <span class='ocrx_word' id='word_1_304' title='bbox 1224 4359 1351 4426; x_wconf 87' lang='lat' dir='ltr'><strong>incolas</strong></span> <span class='ocrx_word' id='word_1_305' title='bbox 1370 4361 1453 4428; x_wconf 88' lang='lat' dir='ltr'><strong>dicte</strong></span> 
     </span>
     <span class='ocr_line' id='line_1_38' title="bbox 336 4454 1451 4549; baseline 0.013 -31"><span class='ocrx_word' id='word_1_306' title='bbox 336 4463 422 4519; x_wconf 87' lang='lat' dir='ltr'><strong>terre</strong></span> <span class='ocrx_word' id='word_1_307' title='bbox 438 4454 615 4540; x_wconf 85' lang='lat' dir='ltr'><strong>dispersos,</strong></span> <span class='ocrx_word' id='word_1_308' title='bbox 640 4477 738 4545; x_wconf 86' lang='lat' dir='ltr'><strong>super</strong></span> <span class='ocrx_word' id='word_1_309' title='bbox 753 4461 871 4529; x_wconf 88' lang='lat' dir='ltr'><strong>facicm</strong></span> <span class='ocrx_word' id='word_1_310' title='bbox 888 4462 1032 4530; x_wconf 89' lang='lat' dir='ltr'><strong>eiusdem</strong></span> <span class='ocrx_word' id='word_1_311' title='bbox 1050 4470 1136 4530; x_wconf 89' lang='lat' dir='ltr'><strong>terre</strong></span> <span class='ocrx_word' id='word_1_312' title='bbox 1153 4465 1196 4530; x_wconf 90' lang='lat' dir='ltr'><strong>ad</strong></span> <span class='ocrx_word' id='word_1_313' title='bbox 1214 4468 1347 4549; x_wconf 88' lang='lat' dir='ltr'><strong>propria</strong></span> <span class='ocrx_word' id='word_1_314' title='bbox 1363 4488 1451 4535; x_wconf 89' lang='lat' dir='ltr'><strong>reuo-</strong></span> 
     </span>
     <span class='ocr_line' id='line_1_39' title="bbox 337 4561 1451 4660; baseline 0.015 -33"><span class='ocrx_word' id='word_1_315' title='bbox 337 4561 470 4646; x_wconf 90' lang='lat' dir='ltr'><strong>candos,</strong></span> <span class='ocrx_word' id='word_1_316' title='bbox 497 4569 529 4626; x_wconf 90' lang='lat' dir='ltr'><strong>et</strong></span> <span class='ocrx_word' id='word_1_317' title='bbox 545 4582 646 4646; x_wconf 86' lang='lat' dir='ltr'><strong>nsque</strong></span> <span class='ocrx_word' id='word_1_318' title='bbox 664 4567 706 4632; x_wconf 84' lang='lat' dir='ltr'><strong>ad</strong></span> <span class='ocrx_word' id='word_1_319' title='bbox 722 4571 788 4634; x_wconf 91' lang='lat' dir='ltr'><strong>vite</strong></span> <span class='ocrx_word' id='word_1_320' title='bbox 805 4589 863 4634; x_wconf 89' lang='lat' dir='ltr'><strong>sue</strong></span> <span class='ocrx_word' id='word_1_321' title='bbox 879 4579 1029 4655; x_wconf 87' lang='lat' dir='ltr'><strong>tempora</strong></span> <span class='ocrx_word' id='word_1_322' title='bbox 1045 4575 1264 4638; x_wconf 89' lang='lat' dir='ltr'><strong>tantummodo</strong></span> <span class='ocrx_word' id='word_1_323' title='bbox 1286 4579 1451 4660; x_wconf 89' lang='lat' dir='ltr'><strong>possiden·</strong></span> 
     </span>
     <span class='ocr_line' id='line_1_40' title="bbox 338 4669 1452 4754; baseline 0.016 -20"><span class='ocrx_word' id='word_1_324' title='bbox 338 4669 418 4754; x_wconf 74' lang='lat' dir='ltr'><strong>dos5</strong></span> <span class='ocrx_word' id='word_1_325' title='bbox 441 4680 514 4753; x_wconf 91' lang='lat' dir='ltr'><strong>post</strong></span> <span class='ocrx_word' id='word_1_326' title='bbox 530 4683 664 4740; x_wconf 90' lang='lat' dir='ltr'><strong>mortem</strong></span> <span class='ocrx_word' id='word_1_327' title='bbox 683 4685 793 4743; x_wconf 89' lang='lat' dir='ltr'><strong>antem</strong></span> <span class='ocrx_word' id='word_1_328' title='bbox 811 4699 905 4747; x_wconf 87' lang='lat' dir='ltr'><strong>suam</strong></span> <span class='ocrx_word' id='word_1_329' title='bbox 922 4681 1031 4748; x_wconf 90' lang='lat' dir='ltr'><strong>eidem</strong></span> <span class='ocrx_word' id='word_1_330' title='bbox 1046 4681 1194 4750; x_wconf 84' lang='lat' dir='ltr'><strong>Ecclesia</strong></span> <span class='ocrx_word' id='word_1_331' title='bbox 1211 4682 1326 4752; x_wconf 82' lang='lat' dir='ltr'><strong>Sancti</strong></span> <span class='ocrx_word' id='word_1_332' title='bbox 1343 4688 1452 4754; x_wconf 80' lang='lat' dir='ltr'><strong>Salus-</strong></span> 
     </span>
    </p>
   </div>
   <div class='ocr_carea' id='block_1_3' title="bbox 0 0 1587 5172">
    <p class='ocr_par' dir='ltr' id='par_1_3' title="bbox 0 0 1587 5172">
     <span class='ocr_line' id='line_1_41' title="bbox 0 0 1587 5172; baseline 0 0"><span class='ocrx_word' id='word_1_333' title='bbox 0 0 1587 5172; x_wconf 95' lang='lat' dir='ltr'><strong> </strong></span> 
     </span>
    </p>
   </div>
  </div>
 </body>
</html>
