3094 5168
606 328 763 428 aa„

113 529 338 617 predictorum
356 525 507 595 Ludialai
517 575 527 610 ,
544 522 632 590 Dees
649 530 682 591 et
698 530 907 607 cognatorum
927 541 1057 592 suorum
1067 576 1076 610 ,
1094 532 1127 594 et
1143 529 1175 594 in
1194 527 1251 591 tua

113 648 163 708 cto
180 639 330 708 indebite
348 635 551 704 deteneionis
564 641 648 701 terre
659 633 828 720 Reginalis
843 633 1175 718 Arlrybanazurchuk
1186 657 1242 704 uc·

114 755 197 832 cate,
217 768 319 831 quam
337 746 465 813 scilicet
492 741 674 810 indebitam
692 741 915 809 deleneionem
933 746 1020 808 terre
1035 765 1093 830 per
1109 745 1242 814 eosdem

113 857 242 925 nobiles
261 857 383 924 factam
400 854 503 920 iidem
520 851 697 919 Ladizlaus
714 857 746 917 et
763 853 851 918 Dees
869 850 1018 918 similiter
1033 871 1105 921 cum
1121 854 1241 922 litteris

112 965 330 1047 inquisitoriis
347 962 618 1048 comprobarunt,
646 961 770 1042 Zodan,
788 961 871 1026 Bcrs
889 966 921 1026 ct
941 961 1116 1028 Nicolaum
1132 964 1241 1048 predi-

114 1079 194 1158 ctos,
212 1082 370 1158 tanquam
392 1073 565 1153 uiolentos,
585 1079 617 1136 el
632 1068 666 1136 in
684 1091 723 1136 eo
734 1119 742 1152 ,
770 1069 845 1152 quia
863 1069 963 1136 iidern
986 1071 1020 1136 in
1037 1073 1242 1140 exhibicione

114 1182 276 1248 salsarum
289 1183 469 1248 litterarum
483 1187 639 1261 tanquam
651 1175 779 1244 falsarii
790 1177 824 1242 in
840 1179 909 1243 suis
920 1176 1166 1246 defensionibus
1176 1200 1242 1246 om·

114 1291 192 1357 nino
220 1289 422 1369 defecerunt,
439 1289 532 1354 iuxta
549 1291 674 1354 statuta
689 1285 795 1370 Regni
811 1285 845 1349 in
863 1303 973 1352 eorum
992 1289 1142 1370 personis
1167 1290 1243 1370 igne

115 1399 312 1465 cremandos
327 1404 360 1462 et
376 1402 479 1462 morte
497 1395 610 1462 debita
636 1391 928 1478 condempnandos
954 1392 1087 1460 eosdem
1112 1401 1241 1461 senten-

114 1507 244 1572 cialiter
260 1487 466 1572 decredimus
483 1510 640 1586 tanquam
659 1501 922 1568 destruecionum
940 1508 973 1566 et
989 1502 1151 1571 violencie
1168 1523 1238 1588 per·

114 1621 310 1696 petratorcs,
328 1619 423 1696 prout
440 1612 591 1696 superius
612 1619 687 1680 sunt
704 1629 872 1695 expressa,
891 1617 923 1676 et
940 1611 1168 1696 possessiones
1184 1632 1241 1681 eo·

113 1741 183 1786 rum
200 1719 373 1788 uniuersas
383 1769 392 1802 ‚
418 1719 639 1787 hereditarias
666 1726 697 1783 et
714 1719 780 1785 alio
797 1738 926 1804 quoquo
946 1719 1044 1786 modo
1061 1719 1191 1787 habitas
1208 1731 1241 1788 et

114 1847 295 1912 possessas,
315 1827 427 1893 tamin
444 1837 532 1893 terra
551 1825 713 1909 Zurchuk,
733 1845 830 1908 quam
847 1827 932 1891 alias
950 1828 1142 1913 existentes,
1160 1828 1239 1895 dna·

112 1939 173 2005 bus
189 1935 513 2020 paulibusinmanus
525 1941 655 2003 nostras
675 1941 830 2015 tanquam
847 1933 979 2018 judicis,
996 1934 1029 2000 in
1047 1934 1150 2003 tercia
1160 1954 1239 2002 uero

112 2043 259 2128 partein
286 2063 402 2110 manus
428 2041 557 2110 domine
573 2041 700 2127 Regine
722 2042 827 2127 partis
843 2042 974 2108 actricis
1000 2051 1032 2108 et
1048 2044 1239 2113 executricis

113 2151 209 2217 buius
221 2170 318 2218 cause
330 2170 389 2218 seu
405 2152 536 2236 negocii
552 2149 792 2233 deuolueudas3
804 2147 986 2234 predictam
1004 2157 1124 2217 terram
1134 2151 1238 2234 Regi-

112 2259 221 2324 nalem
232 2259 297 2343 ipsi
307 2258 572 2342 dominechine
583 2267 738 2340 tanquam
748 2277 840 2323 suum
850 2257 900 2324 ius
911 2257 1240 2352 Arkybanazurcbuk

111 2373 263 2434 uocatam
280 2371 492 2433 restituentes
509 2367 607 2449 pleno
624 2368 703 2433 iure.
721 2367 764 2431 Et
780 2365 889 2433 omnia
900 2367 1075 2450 priuilegia
1087 2368 1240 2435 seulitte·

112 2493 184 2556 ras,
212 2493 274 2558 que
292 2476 344 2542 uel
371 2493 453 2558 quas
471 2473 569 2540 iidem
586 2474 687 2550 Zoda,
707 2477 789 2540 Bors
806 2481 839 2540 et
855 2472 1025 2560 Nicolaum,
1042 2495 1083 2543 ae
1108 2477 1238 2563 cognati

112 2583 299 2648 eorumdem
316 2582 358 2649 de
374 2583 526 2649 Zuruhulr
537 2584 568 2646 in
586 2582 674 2649 laeto
691 2581 781 2648 dicte
798 2586 885 2648 terre
901 2581 1071 2668 Reginelis
1082 2583 1238 2652 habuisse

112 2689 335 2775 dinoscuntur,
347 2691 539 2775 reliquimus
554 2691 623 2757 lore
641 2697 793 2759 cassatas
805 2700 837 2756 et
848 2691 975 2772 inanes,
993 2691 1089 2757 itaut
1105 2693 1238 2761 ubicun-

112 2816 184 2882 qne,
202 2798 466 2882 quandocunque
492 2807 523 2865 et
538 2817 596 2885 per
622 2818 835 2882 quoscunque
852 2805 965 2864 centra
990 2797 1155 2864 dominam
1175 2801 1237 2866 Re-

110 2907 221 2990 ginam
237 2907 291 2971 uel
304 2905 502 2992 jobagienes
528 2925 606 2972 suos
623 2905 768 2972 exhibite
784 2905 904 2972 fuerint
914 2955 923 2990 ,
952 2904 1023 2970 sine
1040 2905 1164 2974 uiribus
1180 2907 1237 2974 ha·

111 3015 259 3081 beantur.
275 3013 348 3078 Hiis
367 3016 476 3096 itaque
493 3013 635 3099 peractis
662 3021 704 3082 ad
720 3014 877 3082 maiorem
894 3023 925 3077 et
940 3012 1125 3080 uberiorem
1141 3014 1237 3083 huius

110 3121 239 3206 negocii
250 3123 411 3190 cautelam
431 3125 664 3207 possessiones
676 3125 898 3208 predictorum
914 3121 1015 3204 Zoda,
1032 3123 1115 3190 Burs
1131 3131 1165 3191 et
1179 3124 1236 3192 Ni·

110 3230 205 3316 colai,
224 3251 306 3313 quas
323 3232 447 3297 habent
464 3236 497 3299 in
515 3232 685 3313 Zurebuk,
712 3251 768 3316 per
785 3231 874 3299 vires
891 3232 1020 3300 nobiles
1037 3239 1070 3299 et
1085 3232 1237 3318 ydoneos

108 3339 248 3406 lecimus
262 3339 417 3424 estimari,
429 3359 491 3423 que
503 3360 576 3408 cum
592 3341 660 3406 suis
679 3340 885 3426 utilitatibus,
902 3340 1056 3408 videlicet
1075 3341 1180 3425 siluis,
1190 3341 1235 3410 fe·

109 3449 206 3530 netis,
224 3447 329 3516 uineis
348 3457 380 3514 et
400 3448 476 3517 aliis
504 3457 655 3534 presente
682 3447 846 3515 testimnio
864 3448 1007 3532 capituli
1033 3445 1236 3538 Wezprimy·

110 3560 200 3624 ensis
217 3575 275 3642 pro
292 3557 512 3642 quadraginta
523 3559 642 3623 marcis
665 3557 762 3622 simul
780 3575 850 3622 eum
870 3563 982 3624 nostra
998 3557 1153 3641 porcione
1168 3557 1236 3628 fue-

107 3671 183 3734 runt
200 3663 365 3743 estimato,
376 3685 473 3749 quam
484 3664 612 3749 quidem
629 3667 817 3750 porcionem
833 3673 990 3748 nostram,
1008 3665 1133 3733 scilicet
1150 3667 1235 3736 duas

109 3780 221 3858 partes
239 3775 484 3861 possessionum
512 3777 701 3844 earumdem
718 3777 793 3860 ipsa
808 3775 940 3844 domina
959 3777 1087 3862 Regina
1104 3796 1125 3843 a
1140 3777 1236 3844 nobis

106 3881 248 3950 redemit
266 3883 356 3950 iuxta
377 3881 513 3950 formam
531 3885 755 3953 estimaeionis
781 3885 957 3970 prehabito
983 3885 1076 3952 nobis
1094 3885 1137 3952 ad
1161 3885 1234 3971 ple-

105 4009 182 4058 num
198 3990 428 4074 persoluendo.
446 3991 541 4058 Vnde
557 4011 616 4060 nos
633 3992 862 4078 possessiones
888 3991 1050 4060 dictorum
1074 3992 1231 4060 nobilium

106 4101 139 4166 in
156 4103 227 4165 toto
245 4117 319 4166 curn
335 4099 402 4166 suis
418 4100 614 4168 utilitatibus
642 4109 674 4167 et
689 4101 902 4185 pertinenciis
918 4100 1090 4182 uniuersis,
1110 4105 1142 4165 et
1157 4119 1230 4184 spe·

107 4209 236 4276 cialiter
251 4229 323 4276 oum
341 4207 543 4278 dimidietate
568 4211 715 4278 Eccles'ie
741 4208 949 4278 inhonorem
966 4209 1082 4278 Sancti
1104 4207 1230 4276 Thomu

106 4315 261 4402 martyris
289 4320 480 4382 constructa
507 4317 540 4384 in
566 4318 676 4384 medio
697 4317 807 4385 totalis
834 4317 1051 4402 possessionis
1077 4315 1230 4384 Zurcbulr

107 4423 293 4506 existentis,
311 4431 345 4489 et
355 4423 537 4506 predictam
553 4429 674 4494 terram
690 4413 884 4512 Reginalem
902 4424 1229 4512 Arkybanauurchuk

107 4536 327 4615 nuncupatam
354 4551 413 4615 per
433 4532 564 4598 eosdem
591 4535 822 4618 potencialiter
847 4535 1013 4602 detentam
1039 4533 1230 4616 reliquimus

106 4639 169 4723 ipsi
184 4639 322 4708 domine
332 4639 459 4724 Regino
471 4646 629 4725 perpetuo
646 4639 873 4728 possidendas,
885 4641 1048 4710 tenendas
1059 4646 1093 4709 ot
1108 4639 1229 4708 baben-
