3072 5168
875 925 929 992 dd.

349 1145 410 1213 tlt.
425 1145 534 1211 Badra
558 1146 663 1230 ttrap
687 1146 800 1210 Pcecbi
816 1143 967 1210 Peraeae
982 1153 1012 1210 ta
1028 1147 1226 1210 teatodreinak
1244 1145 1364 1232 Badey·
1386 1147 1469 1207 nand

344 1253 485 1336 birtokot,
502 1262 580 1340 moly
596 1255 706 1318 Moron
729 1255 847 1340 mapyeo'
869 1253 1013 1320 casanat
1022 1251 1249 1341 jobbcipffdlda
1273 1255 1359 1330 volt,
1388 1276 1468 1316 caca

341 1360 645 1450 odrjobbdpyobook‚
671 1361 726 1426 tit
751 1369 803 1425 azt
826 1361 953 1442 birta'lc,
979 1360 1153 1446 torbaotpc
1171 1359 1301 1446 folytria
1330 1359 1463 1426 adorna

773 1490 900 1556 ayoaaa.
916 1469 1014 1535 1295.

461 1676 611 1753 Andreas
638 1681 700 1751 Dei
727 1683 843 1767 gracia
868 1683 1058 1768 Hungarie,
1085 1684 1276 1768 Dalmaoie,
1303 1683 1461 1765 Groacie,

341 1795 453 1876 Reme,
472 1789 606 1873 Sernie,
624 1791 784 1874 Gallicis,
802 1789 1021 1876 Lodomeric,
1038 1793 1217 1872 Cumanis,
1233 1793 1460 1876 Bulgariequa

341 1905 421 1981 Rex,
439 1900 587 1968 omuibus
605 1899 726 1970 Christi
743 1899 907 1982 fidelibus,
926 1907 992 1970 tarn
1013 1901 1242 1987 presentibus,
1260 1919 1359 1988 quam
1379 1900 1461 1969 intu-

340 2013 385 2077 ris
401 2009 602 2095 presencium
621 2007 774 2074 noticiam
799 2008 981 2091 habituris,
1008 2012 1147 2078 salutern
1166 2009 1199 2076 iu
1214 2011 1358 2078 Domino
1378 2030 1459 2078 sem-

340 2123 511 2204 piternam.
529 2118 580 2186 Ad
597 2117 822 2185 universorum
838 2119 996 2185 noticiam
1013 2127 1127 2186 tenore
1142 2119 1349 2208 presencium
1369 2119 1459 2185 rolu-

338 2247 409 2296 mus
425 2227 608 2314 pcrvenire,
625 2225 714 2308 quod
727 2225 857 2293 nobiles
874 2226 936 2293 viri
946 2229 1074 2312 Petrus,
1092 2225 1269 2294 Ladislaus
1285 2234 1317 2294 et
1332 2226 1459 2296 Joban·

339 2359 397 2408 ues
414 2336 472 2404 filii
489 2333 644 2401 Iwaucbc
671 2333 711 2399 dc
736 2333 843 2400 Peccb
859 2335 903 2402 ad
928 2341 1073 2404 nostram
1101 2335 1298 2402 accedentes
1323 2352 1457 2420 presen-

340 2444 426 2514 ciam
436 2495 445 2530 ,
463 2441 639 2526 quamdam
656 2447 773 2507 terram
788 2439 1006 2525 jobagiouum
1033 2443 1132 2509 castri
1148 2443 1254 2512 nostri
1270 2440 1456 2509 Musuuien-

340 2554 386 2620 sis
402 2551 527 2638 Budcy‚
544 2553 708 2632 vocatam,
726 2547 758 2614 in
775 2546 1118 2618 comitatuJauriensi
1139 2551 1346 2634 existentem,
1366 2574 1388 2618 a
1403 2570 1454 2617 uo-

338 2663 390 2732 bis
404 2662 468 2730 sibi
484 2660 558 2728 dari
582 2657 800 2746 postularunt.
826 2659 945 2726 Verum
970 2659 1104 2744 quiade
1128 2661 1287 2744 qualitate
1303 2667 1336 2728 et
1353 2681 1454 2748 quau·

339 2771 435 2839 titate
451 2769 540 2836 dioto
556 2775 642 2834 torre
669 2769 765 2835 uobis
782 2767 904 2834 veritas
923 2787 990 2836 uon
1012 2769 1206 2855 constabat,
1231 2767 1390 2837 fidelibus
1405 2788 1453 2835 no-

339 2879 416 2947 stris
432 2876 583 2962 capitulo
607 2877 774 2944 Jaurieusi
801 2877 949 2946 dedimus
966 2879 999 2946 iu
1015 2879 1203 2966 mandatis,
1230 2889 1267 2946 ut
1281 2899 1378 2947 suurn
1395 2879 1452 2945 da-

338 2992 413 3054 rant
426 2985 666 3070 testimouium,
692 3005 802 3054 coram
819 3005 885 3070 quo
902 2987 1090 3072 Stephanus
1113 2987 1201 3056 filius
1217 2985 1343 3077 idagen
1359 2989 1451 3056 borno

340 3101 449 3162 noster
465 3095 587 3162 dictam
602 3100 722 3161 terram
750 3093 941 3162 conuocatis
957 3097 1190 3164 commetaneis
1211 3106 1245 3164 et
1272 3099 1390 3166 vicinis
1406 3117 1450 3162 rc-

339 3203 533 3302 ambuiarct,
551 3211 585 3270 et
602 3207 761 3270 statueret
783 3200 858 3270 filiis
874 3203 1002 3273 Iranka
1018 3208 1220 3293 memoratis,
1243 3207 1272 3273 si
1288 3227 1354 3274 uon
1372 3207 1451 3274 toret

338 3312 596 3398 contradictum,
622 3311 915 3381 contradictoribus
932 3313 976 3380 ad
992 3320 1137 3382 nostram
1158 3315 1365 3402 presenciam
1382 3335 1449 3384 ero·

338 3421 430 3489 catis.
447 3421 585 3487 Domum
601 3419 687 3488 idem
705 3419 893 3506 Capitulum
919 3421 1013 3492 nobis
1030 3423 1221 3510 rescripsit,
1246 3425 1335 3508 quod
1352 3423 1447 3493 honri«

338 3551 411 3597 nem
428 3549 540 3609 suum,
557 3549 629 3598 oum
644 3529 813 3618 Stephano
830 3530 959 3598 bomine
976 3537 1089 3600 nostro
1109 3533 1257 3620 predicto
1288 3535 1447 3602 misissent

337 3658 395 3726 pro
412 3640 597 3708 testimonio
614 3637 825 3723 fidedignum,
842 3638 885 3704 ad
901 3641 1171 3709 reambulandam
1194 3649 1316 3712 terram
1335 3643 1446 3732 Budey

337 3754 490 3817 vocatam
515 3756 740 3832 memoratam,
768 3755 802 3817 et
818 3749 1027 3819 statuendam
1043 3752 1160 3834 Petro,
1177 3751 1333 3820 Ladislao
1351 3761 1384 3822 ct
1398 3754 1446 3822 Jo-

337 3857 438 3925 banni
463 3855 539 3923 filiis
565 3855 686 3924 Ivauce
712 3857 931 3947 supradictis;
958 3860 1014 3942 qui
1030 3859 1168 3928 eandem
1192 3871 1314 3929 terram
1340 3861 1446 3946 Budey

338 3968 511 4035 addacem
528 3973 640 4034 aratra
658 3965 888 4053 sufficientem,
904 3969 999 4036 simui
1016 3989 1089 4036 cum
1105 3969 1259 4056 virgulto,
1276 3973 1365 4040 sicut
1381 3971 1443 4037 visu

338 4075 545 4143 considerare
562 4082 739 4164 potuerunt
747 4126 756 4160 ,
774 4095 923 4164 vacuam,
942 4087 974 4145 et
991 4077 1230 4150 habitatoribus
1249 4080 1443 4160 destitutam,

337 4183 398 4254 sub
415 4186 510 4252 matis
528 4185 671 4270 antiquis
688 4185 890 4271 ettcrmiuis,
907 4189 1096 4256 convocatis
1108 4188 1255 4256 omnibus
1273 4189 1401 4274 uicinis,
1416 4193 1443 4253 et

338 4297 572 4364 commetaneia
589 4294 737 4363 ciusdem
763 4302 870 4379 terre,
896 4297 1091 4367 statuissent
1105 4299 1224 4384 Petro,
1240 4299 1401 4369 Ladislao
1415 4305 1443 4363 et
1470 4348 1471 4352 ,

336 4401 480 4472 Jobauui
494 4401 569 4472 filiis
587 4403 729 4482 inance,
745 4425 785 4472 ac
802 4400 879 4471 filiis
896 4403 1047 4474 Aladarii
1062 4406 1151 4476 nullo
1171 4405 1305 4493 penitus
1322 4415 1440 4478 coutra-

336 4511 460 4582 dictore
478 4513 651 4582 existente.
668 4514 737 4580 Nos
753 4513 865 4597 itaque
875 4514 1092 4584 consideratis
1109 4513 1323 4586 fidelitatibus
1335 4525 1368 4584 et
1383 4533 1440 4584 ser·

337 4623 495 4692 viciorum
521 4622 646 4690 meritis
673 4621 893 4711 predictorum
918 4624 1006 4692 Petri
1018 4677 1027 4712 ,
1058 4625 1207 4694 Ladislai
1231 4635 1263 4692 et
1288 4623 1440 4694 iohannis
