3144 5180
114 1645 180 1710 III.
198 1645 307 1711 &adro
323 1643 429 1732 kirtly
446 1645 583 1725 Putcak,
600 1645 684 1711 Reck
698 1643 908 1732 prdffidook,
922 1647 1062 1712 Prawno
1077 1649 1159 1714 nevit
1173 1645 1235 1715 ttr-

475 1755 562 1819 tolcdt
577 1753 760 1841 nepotata
779 1755 876 1820 1290.

225 1971 293 2036 Nos
310 1966 460 2036 Andreas
477 1970 539 2035 Dei
557 1971 671 2056 gracia
694 1971 765 2037 Rex
783 1969 949 2058 Hungarie
965 1971 1123 2040 memorie
1150 1991 1235 2040 com·

114 2077 315 2146 mendantea
331 2077 562 2164 significamus,
581 2077 698 2161 quibus
715 2079 848 2166 expedit
863 2079 1036 2166 uniuersis,
1055 2081 1235 2165 quodlicet

112 2189 155 2252 in
193 2186 564 2273 congregacione
601 2185 814 2271 generali
853 2206 992 2272 snpra
1025 2189 1235 2256 Veterem

111 2295 172 2361 Bu
185 2293 279 2362 dam
304 2296 543 2362 celebrata
566 2315 676 2362 eoram
693 2295 935 2363 venerabilibus
951 2295 1102 2382 patribus
1118 2296 1230 2364 Archi-

112 2403 290 2489 cpiscopis,
314 2404 488 2489 Episcopis
498 2455 507 2488 ,
531 2409 564 2470 et
579 2402 727 2470 omnibus
744 2403 816 2472 aliis
833 2404 1055 2472 Ranisstorum
1079 2405 1234 2488 Pietatis,

110 2512 308 2591 Beronibus,
335 2512 524 2594 comitibus,
545 2531 603 2596 per
627 2513 800 2579 uniuersos
818 2511 922 2598 Regni
946 2512 1074 2578 nobiles
1091 2513 1236 2580 extiterit
1253 2523 1263 2534 “

111 2621 201 2687 inter
218 2627 329 2688 cetera
345 2621 521 2704 specialius
539 2619 734 2705 ordinatum,
758 2625 794 2683 ut
810 2619 962 2688 uniuerso
977 2627 1064 2686 terre
1081 2619 1233 2688 vduorni-

110 2747 227 2794 corum
243 2735 434 2814 nostrorum,
458 2735 491 2794 et
507 2727 696 2813 specialiter
710 2733 794 2793 terre
810 2727 854 2792 ad
870 2727 985 2811 predia
998 2735 1111 2795 nostra
1128 2729 1235 2816 Rega-

110 2837 159 2902 lia
171 2837 376 2923 pertinencia
392 2832 478 2924 (igy)
498 2835 541 2901 ad
554 2835 823 2920 jurisdiccionem
839 2835 973 2916 Regiam
998 2835 1232 2923 deuoluantur5

110 2953 231 3011 tamen
248 2945 327 3027 quia
345 2945 465 3012 Paulus
477 2943 562 3010 filins
580 2943 715 3013 domitis
732 2945 822 3010 Reok
833 2941 874 3010 de
890 2944 1076 3012 Thwrowoz
1088 2965 1161 3012 oum
1177 2963 1230 3013 eo·

110 3053 226 3138 gnatia
244 3063 277 3120 et
292 3055 391 3120 sociis
408 3053 488 3137 suis,
504 3053 658 3120 videlicet
673 3052 830 3136 magistro
840 3052 968 3118 Joanne
982 3049 1048 3118 filio
1060 3053 1225 3140 Mykonis,

109 3163 207 3229 Beke
225 3161 292 3228 filio
317 3161 451 3228 Comitis
467 3159 618 3244 Emerioi,
637 3166 670 3226 et
685 3161 823 3228 Nieolao
838 3161 905 3227 tilio
922 3157 1058 3248 Ghyma,
1075 3163 1234 3248 magistro

110 3269 325 3353 Leuatachio,
342 3267 480 3336 Niooiae
496 3267 561 3336 iilic
572 3267 678 3356 Gyge,
691 3267 816 3354 Bydow
831 3267 898 3336 iilio
909 3265 1044 3334 Comitis
1055 3269 1232 3354 Bogmerij,

110 3379 211 3446 Petro
227 3377 294 3444 iilic
310 3377 438 3463 Hylias,
455 3376 491 3444 in
508 3375 764 3444 conservacione
781 3369 879 3442 castri
894 3375 937 3442 do
952 3375 1083 3462 Zolwm‚
1101 3375 1232 3444 domino

110 3489 205 3573 Rege
223 3483 382 3552 Ladizlao
399 3487 501 3554 fratre
516 3493 627 3552 nostro
639 3485 831 3552 charissimo
847 3483 934 3550 bone
945 3485 1099 3550 memorie
1115 3483 1156 3549 do
1171 3503 1234 3551 me

110 3596 169 3662 dio
187 3594 331 3674 sublato,
349 3593 443 3661 nobis
461 3601 493 3660 et
509 3595 623 3677 Regno
640 3601 749 3661 nostro
776 3590 1037 3677 graciosissimos
1053 3598 1087 3659 et
1114 3591 1233 3662 fidelis·

110 3705 217 3770 simos
233 3701 394 3787 impendit
409 3703 606 3782 famulatus,
622 3721 681 3768 nos
697 3702 848 3786 inspecta
863 3699 969 3786 ipsius
984 3699 1154 3788 fidelitate,
1171 3704 1233 3769 Re·

110 3811 204 3896 giam
231 3817 266 3877 rt
292 3809 386 3877 decet
410 3811 634 3893 Maiestatem,
668 3811 841 3892 quamdam
868 3808 1114 3894 possessionem
1139 3829 1234 3881 suam
1362 3809 1364 3814 ⁸

109 3921 259 3987 Prawna
275 3925 428 3986 vocatam
444 3938 517 3984 oum
533 3919 602 3987 suis
618 3920 852 4005 pertineneijs,
878 3939 977 4004 qnam
994 3937 1036 3987 ex
1052 3921 1232 3988 collacione

110 4027 240 4096 domini
254 4027 355 4112 Regis
371 4025 520 4092 Ladinlai
545 4027 650 4096 tenuit
667 4033 700 4094 et
714 4027 862 4113 possedit
877 4047 980 4113 voque
1005 4029 1123 4116 modo,
1139 4031 1234 4098 relin-

108 4139 257 4224 quimus,
274 4133 425 4202 dedimus
441 4140 475 4201 et
490 4133 680 4204 donanimus
697 4133 805 4203 eidem
821 4133 939 4202 Oomiti
955 4138 1056 4203 Paulo
1074 4144 1233 4224 perpetuo

110 4255 147 4318 et
164 4244 428 4313 irreuocabiliter
438 4243 679 4331 possidendam,
697 4250 730 4312 et
746 4251 901 4332 cognatos
913 4263 990 4314 suos
1007 4251 1041 4314 et
1057 4244 1166 4315 socios
1182 4265 1233 4313 su-

110 4355 227 4442 perius
244 4353 427 4420 nominator
436 4403 445 4438 ‚
475 4360 507 4418 et
523 4353 607 4419 alios
623 4373 705 4439 quos
722 4353 815 4423 nobis
831 4352 890 4422 illa
904 4355 977 4422 vioe
1002 4355 1095 4421 nobis
1112 4354 1234 4422 dixerit

110 4463 309 4543 seruiuisso,
325 4463 413 4530 omni
429 4459 610 4529 dileccione
626 4468 659 4528 et
674 4461 788 4529 fauore
808 4461 911 4549 Regio
926 4481 1176 4547 prosequemur,
1201 4469 1234 4536 et

110 4575 178 4640 hec
195 4570 305 4639 omnia
322 4569 429 4638 eidem
445 4571 651 4656 promisimus
675 4587 871 4639 conseruare
887 4577 921 4638 et
935 4577 1048 4638 tenere
1064 4571 1144 4638 data
1159 4568 1230 4635 fide.

38 4680 43 4692 '
169 4715 269 4758 aunum
279 4714 357 4757 auro.
372 4711 438 4756 mss.
450 4711 594 4756 -nmnra
1084 4699 1101 4762 1
