3094 5168
894 862 965 928 ¹14.

371 1061 401 1124 A
417 1059 515 1124 dadai
529 1058 685 1146 kdptalarr
695 1058 964 1146 bizouysdpleoela,
981 1060 1062 1148 bopy
1073 1057 1252 1144 Meclrfrecb
1268 1059 1363 1124 badar‘
1372 1059 1478 1143 polpdr

374 1171 491 1256 ajmali
514 1168 638 1254 radiasti
654 1169 850 1254 malaca,
880 1168 1023 1235 Tioudar
1046 1170 1138 1256 pyb'ri
1157 1169 1282 1258 pdepb'k
1306 1165 1478 1234 reiecerat

813 1276 930 1346 claudia.
951 1277 1048 1344 1297.

779 1474 1083 1542 Aac.

480 1635 668 1724 Capitulum
685 1633 846 1705 Budensis
862 1635 1009 1704 Ecclesie
1025 1637 1177 1706 omnibus
1189 1633 1311 1703 Obristi
1327 1632 1478 1720 fidelibus,

371 1747 489 1833 quibus
505 1751 676 1833 presentes
692 1742 925 1832 ostendentur,
951 1746 1092 1813 salutem
1108 1745 1142 1811 in
1159 1745 1301 1813 Domino
1319 1747 1477 1830 sempiter-

371 1875 457 1925 nam.
483 1855 714 1922 Vniuersornm
740 1853 861 1920 noticie
876 1860 944 1920 tam
962 1853 1169 1937 presencium
1194 1871 1294 1936 qnam
1311 1853 1479 1920 futurorum
1545 1867 1546 1936 t

371 1963 487 2030 barum
521 1961 751 2030 insinnacione
784 1961 966 2028 litterarum
990 1962 1139 2030 uolumus
1173 1961 1246 2028 fieri
1271 1961 1478 2044 manifestum,

372 2071 457 2156 quod
474 2070 659 2138 llecbirecb
683 2068 769 2138 filius
784 2070 973 2137 llecbfrecb
994 2071 1078 2138 cinis
1094 2071 1137 2138 de
1161 2077 1271 2139 castro
1286 2070 1428 2138 Budensi
1442 2067 1479 2133 ad

372 2189 516 2249 nostram
531 2181 750 2267 personaliter
766 2177 931 2250 accedens
947 2181 1161 2266 presenciam,
1185 2179 1419 2248 dimidietatem
1433 2196 1479 2244 cn-

372 2289 502 2356 iusdam
517 2289 623 2372 vinee,
641 2308 705 2373 qne
721 2289 887 2373 qnondam
902 2290 1040 2359 Comitis
1055 2291 1123 2358 Jalx
1139 2288 1258 2370 inerat,
1278 2295 1312 2358 in
1327 2287 1478 2356 territerio

373 2395 490 2486 Vymal
507 2399 592 2465 inter
616 2396 733 2466 vineas
749 2398 1004 2488 Bartholomey,
1018 2405 1050 2466 et
1064 2399 1203 2467 filiorum
1220 2399 1356 2467 domitis
1371 2395 1479 2467 Oboda

374 2505 446 2590 site,
463 2512 593 2590 aparte
610 2506 820 2573 meridionali
836 2507 1050 2593 existentem,
1075 2527 1174 2591 qnam
1197 2507 1292 2574 titulo
1309 2505 1479 2590 emptionis

371 2615 435 2684 sibi
459 2615 561 2681 fuisse
586 2615 793 2698 dedolatum,
821 2625 854 2680 et
878 2615 1016 2684 alteram
1042 2615 1280 2684 dimidietatem
1306 2614 1479 2682 eiusdema

368 2727 464 2810 parte
481 2722 741 2809 septemtrionali
757 2721 954 2792 existentem
974 2727 1188 2812 Krensnnger
1208 2725 1288 2794 cinis
1313 2723 1355 2791 de
1372 2724 1479 2792 eodem

370 2837 478 2899 castro
493 2831 638 2898 Budcnsi
655 2850 730 2899 esse
746 2833 930 2918 asserebat,
948 2854 1019 2900 cnm
1036 2835 1185 2903 omnibus
1202 2835 1400 2902 utilitatibus
1415 2831 1476 2897 suis

369 2939 410 3006 de
426 2938 595 3008 voluntate
612 2948 644 3005 et
661 2959 823 3008 consensu
840 2941 919 3009 dicti
935 2939 1167 3029 Krensungcr,
1188 2943 1273 3010 sicut
1291 2941 1392 3026 dixit,
1408 2958 1474 3006 oon·

368 3046 478 3116 lessus
496 3053 545 3115 est
561 3049 770 3132 vendidisse,
782 3049 960 3118 tradidisse
976 3059 1010 3118 et
1027 3051 1219 3134 assignasse
1235 3049 1354 3118 Oomiti
1370 3047 1476 3115 Ladiz·

368 3159 423 3226 lao
448 3155 513 3222 tilio
538 3155 672 3223 Comitis
698 3157 871 3244 Nycolay,
899 3158 992 3224 fratri
1016 3157 1216 3226 venerabilis
1243 3158 1349 3243 patris
1365 3153 1477 3224 domini

367 3262 534 3334 Theodori
551 3264 712 3350 Episcopi
727 3264 929 3349 Janriensis,
956 3275 989 3332 et
1004 3269 1156 3354 Nycolao
1173 3267 1240 3333 lilio
1257 3267 1403 3353 Nycolay
1417 3263 1477 3329 fra·

367 3375 425 3443 tris
442 3373 589 3441 eiusdem
606 3373 730 3440 domini
746 3373 923 3460 Episcopi,
950 3393 1008 3457 pro
1033 3375 1149 3459 quibus
1166 3375 1310 3460 Vgrinus
1336 3371 1476 3443 officialis

368 3483 447 3550 dicti
472 3463 593 3550 domini
610 3483 768 3568 Episcopi
784 3481 918 3564 adorat,
945 3503 1003 3567 pro
1032 3485 1146 3550 decem
1173 3481 1292 3552 marcis
1320 3485 1413 3570 plene
1434 3502 1475 3546 re·

368 3590 472 3677 ceptis
490 3597 525 3657 ut
541 3591 563 3657 d
582 3626 622 3636 -
638 3624 682 3638 -
700 3591 944 3674 --perenniter
970 3599 1002 3656 et
1027 3589 1284 3657 irreuccabiliter
1312 3589 1474 3675 possiden·

368 3701 462 3783 dam;
495 3699 674 3785 obligando
700 3698 931 3766 nichilominus
957 3719 995 3767 se
1025 3699 1113 3765 idem
1140 3700 1328 3768 Mechlrech
1354 3707 1386 3767 et
1408 3717 1475 3766 suos

368 3809 529 3892 heredes,
555 3810 598 3876 ab
616 3809 766 3877 omuibus
784 3809 939 3876 Comitem
958 3809 1149 3877 Ladizlanm
1169 3821 1259 3876 et-
1277 3841 1320 3854 -
1338 3848 1375 3856 -
1399 3813 1476 3871 -et

369 3917 456 3984 filios
472 3915 609 3982 filiorum
636 3937 746 3985 eornm
771 3917 946 3984 occasione
973 3917 1061 3984 dicte
1078 3915 1292 3983 dimidietatis
1309 3917 1404 3982 vinee
1420 3935 1474 3981 mo-

368 4028 493 4094 lestare
518 4025 716 4110 nitentibus,
744 4023 923 4093 defendere
949 4033 981 4090 et
997 4025 1138 4091 liberare
1163 4025 1232 4090 suis
1259 4025 1427 4095 laboribus
1449 4029 1475 4087 et

369 4135 533 4220 expensis.
557 4137 594 4201 In
613 4135 705 4202 ouius
721 4133 769 4202 rei
794 4133 982 4200 memoriam
1007 4139 1268 4220 perpetuamque
1298 4133 1475 4200 firmitatem

370 4243 415 4311 ad
430 4240 627 4308 instanciam
646 4251 679 4308 et
695 4241 890 4326 peticionem
916 4241 1062 4308 eiusdem
1078 4240 1263 4308 Meehfrecb
1290 4242 1409 4310 Comiti
1424 4240 1476 4306 La·
1541 4286 1544 4290 -

370 4351 477 4419 dizlao
494 4356 527 4416 et
540 4349 688 4434 Nycolao
705 4351 895 4417 memoratis
922 4358 1095 4436 presentes
1121 4350 1344 4418 concessimus
1361 4349 1476 4416 litteras

371 4455 473 4540 sigilli
489 4455 590 4522 nostri
606 4457 782 4522 munimine
801 4457 983 4524 roboratas.
1008 4455 1128 4522 Datum
1144 4475 1202 4541 per
1218 4475 1336 4524 manus
1351 4453 1476 4524 discreti

370 4565 431 4634 viri
455 4565 604 4650 magistri
629 4566 779 4633 Ladislai
795 4566 940 4633 Lectoris
956 4564 1105 4634 Ecclesie
1123 4572 1231 4633 nostre
1246 4583 1335 4632 anno
1352 4563 1476 4632 Domini
