3072 5168
874 937 928 1006 tt.

351 1135 444 1224 Vt'llty
453 1135 582 1224 lfilclor,
606 1135 699 1225 Vstlry
710 1135 843 1223 M'rdetly,
861 1135 968 1202 Recole
977 1135 1025 1224 (i)
1041 1139 1072 1202 ds
1086 1137 1194 1202 Jaleal
1208 1137 1325 1201 recedo-e
1341 1133 1476 1200 heroni

418 1245 491 1311 l'illr
497 1243 676 1332 jdndyuok
684 1243 804 1330 scldrdl
819 1268 840 1308 a
849 1245 1004 1331 porcoryi
1026 1243 1179 1332 triptota
1196 1243 1276 1309 dcc.
1293 1244 1401 1308 1292.

453 1439 621 1510 Vniuersis
636 1440 756 1510 christi
774 1440 924 1512 fidelibus
939 1447 1109 1529 presentes
1122 1444 1248 1511 litteras
1264 1443 1474 1529 inspecturis

344 1551 529 1640 Capitulum
544 1553 694 1622 Ecclesia
718 1553 930 1623 Posonicnsis
955 1557 1094 1624 salutem
1111 1555 1145 1622 iu
1160 1555 1308 1622 Domino.
1324 1553 1378 1620 Ad
1397 1553 1472 1620 uni·

343 1681 511 1732 uersorum
537 1661 693 1728 noticiam
727 1669 839 1730 tenore
863 1663 1068 1747 presencium
1099 1664 1248 1730 uolumus
1273 1662 1467 1747 peruenire,

342 1769 427 1854 quod
443 1768 582 1836 Nicolao
598 1765 664 1836 filio
681 1767 814 1836 Iwauolr
830 1769 874 1836 dc
889 1770 991 1858 Wyllr
1007 1771 1050 1839 ab
1065 1791 1132 1839 uua
1146 1773 1261 1857 parte,
1285 1767 1469 1846 lliehaele,

342 1877 466 1964 Baohlr,
483 1883 517 1946 et
530 1877 668 1960 Jacobo,
685 1876 763 1963 filijs
780 1875 933 1965 Gregorij
949 1879 992 1946 ab
1008 1879 1124 1963 altera,
1141 1878 1330 1948 constitutis
1346 1895 1469 1964 perso·

341 1983 461 2052 naliter
475 2002 586 2051 coram
602 1981 697 2051 nobis
706 2032 716 2068 ,
732 1981 818 2050 idem
833 1985 993 2055 Nicolaua
1012 1991 1063 2052 cst
1079 1985 1268 2064 confessus,
1284 1982 1369 2069 quod
1385 2004 1467 2053 cum

343 2093 421 2164 olim
436 2095 600 2180 predictus
626 2093 808 2178 Gregorius
833 2101 928 2182 pater
943 2093 1047 2181 ipsine
1071 2095 1242 2164 Michaelis
1265 2100 1298 2174 et
1321 2093 1466 2160 tremum

342 2221 481 2288 suorum,
499 2203 617 2273 relicta
631 2193 814 2270 hereditate
824 2221 886 2269 aua
901 2201 974 2272 sine
989 2204 1128 2273 adonius
1138 2201 1270 2274 honeris
1287 2196 1373 2290 (lgy)
1385 2222 1464 2288 gra-

341 2313 472 2381 uamine
489 2311 530 2380 ob
547 2311 709 2397 quosdam
733 2311 945 2380 necessitatis
962 2329 1021 2380 suc
1046 2313 1204 2381 articulos
1219 2312 1339 2380 abhinc
1354 2311 1462 2378 disee-

341 2421 424 2490 dens
439 2421 557 2488 luisset
572 2417 722 2506 pluribus
739 2420 835 2488 anuis
851 2419 983 2506 absens,
1000 2427 1032 2488 et
1058 2421 1267 2508 postmodum
1292 2419 1350 2507 filij
1371 2421 1459 2488 eius·

344 2531 419 2598 dem
436 2527 602 2614 Gregorij,
617 2527 772 2595 videlicet
786 2529 930 2598 Michecl
945 2536 978 2596 ct
993 2529 1112 2599 fratres
1129 2529 1178 2598 sui
1190 2529 1349 2597 antedicti
1364 2547 1458 2614 repa·
1528 2551 1529 2622 i

233 2665 235 2672 ⁴
342 2639 479 2708 triantes
496 2633 712 2704 hereditatem
727 2643 899 2720 paternam
914 2637 1005 2723 ipsos
1022 2623 1265 2723 contingentem
1281 2635 1324 2703 ab
1340 2636 1455 2704 eodem
1528 2627 1529 2632 ’

342 2745 479 2814 Nicolao
505 2748 655 2832 repetere
679 2749 953 2832 attemptussent,
987 2744 1071 2813 idem
1096 2746 1262 2828 Nicotaus,
1279 2751 1453 2826 autequam
1528 2835 1529 2838 Ἴ

341 2855 577 2940 egrederentur
602 2853 773 2921 materiam
797 2853 1000 2938 questionis,
1033 2873 1275 2940 recognoscens
1300 2871 1358 2920 eos
1383 2872 1453 2920 esse
1528 2847 1529 2896 ἕ

265 3015 269 3025 ,
341 2962 425 3032 lilios
434 2961 574 3051 predicti
583 2959 747 3048 Gregorij,
763 2962 820 3046 qui
836 2961 968 3045 quidem
978 2961 1156 3048 Gregorius
1168 2959 1315 3030 etdictus
1326 2959 1452 3029 Iwauch

341 3079 436 3158 pater
461 3071 564 3157 ipsius
579 3069 710 3139 Nicolai
725 3069 768 3137 ab
792 3091 857 3138 uno
881 3091 946 3140 suo
961 3077 1037 3142 suut
1062 3072 1187 3154 exorti,
1213 3077 1248 3138 et
1263 3089 1322 3159 per
1346 3087 1453 3138 couse-

342 3199 444 3264 quens
459 3180 493 3245 iu
509 3179 715 3248 dimidietate
731 3171 977 3267 terre'ipsorum
994 3181 1094 3268 Wyllr
1110 3187 1227 3274 uccetc
1242 3177 1385 3247 eundem
1400 3179 1449 3245 lti-

341 3288 488 3357 chaclcm
505 3295 538 3356 ct
553 3287 672 3355 stauos
689 3307 765 3355 suos
780 3289 914 3374 plenum
930 3289 980 3358 ius
997 3289 1141 3372 habere,
1158 3287 1200 3354 ob
1216 3287 1280 3356 hoc
1296 3287 1382 3355 idem
1398 3287 1451 3354 Ni·

343 3397 455 3466 oolaus
471 3397 507 3463 in
521 3395 626 3464 nostri
642 3395 815 3482 presencia
839 3396 1079 3466 dimidietatem
1094 3395 1239 3465 eiusdem
1254 3405 1339 3462 terre
1355 3393 1449 3482 Wylk

341 3524 412 3571 cum
429 3503 576 3571 omuibus
588 3503 787 3572 utilitatibus
806 3503 1141 3593 otpertinenoijssuis
1153 3503 1279 3572 eisdem
1289 3501 1448 3587 Michaeli,

339 3613 452 3680 Beodk
468 3617 503 3680 et
518 3611 644 3681 Jaocbc
661 3611 862 3698 supradictis
878 3613 1020 3682 restituit
1036 3621 1069 3682 et
1078 3611 1223 3682 reddidit
1237 3631 1318 3698 pure
1334 3619 1367 3680 et
1382 3611 1448 3678 aim·

342 3720 468 3806 pliciter
493 3719 711 3808 resignando,
738 3727 772 3788 et
786 3721 866 3804 quia
881 3721 969 3790 idem
984 3721 1141 3790 Nicolaus
1167 3720 1386 3790 hereditatem
1401 3739 1446 3788 eo·

340 3828 487 3896 rumdem
502 3828 573 3896 sine
588 3827 702 3914 iudioij
719 3829 871 3897 examine
885 3828 1022 3916 pacifice
1038 3829 1229 3918 resignarit,
1246 3829 1352 3898 obhoe
1368 3827 1445 3896 utili·

340 3941 426 4005 tetes
443 3943 476 4003 et
491 3934 613 4004 fruetus
638 3943 771 4024 propter
794 3935 983 4006 absenciam
1008 3939 1112 4023 ipsius
1136 3935 1310 4006 Michaelis
1336 3936 1407 4010 cti
1436 3967 1445 3980 ·

341 4052 424 4116 trum
440 4065 569 4114 suorum
585 4067 689 4133 usque
704 4067 789 4116 nuuc
805 4055 989 4136 perceptos,
1003 4048 1104 4138 ydem
1119 4049 1262 4118 Micheel
1285 4056 1318 4117 et
1333 4047 1441 4116 iratres

341 4153 402 4238 sui,
425 4154 527 4224 cidem
544 4153 683 4224 Nicolao
708 4175 790 4242 pure
805 4160 1003 4228 relaxarunt.
1018 4157 1149 4228 Adiecit
1174 4159 1278 4228 eciam
1297 4157 1441 4228 Nicotaus

341 4261 549 4348 sepedictus,
573 4264 661 4349 qnod
678 4265 906 4351 possessiones
922 4266 1075 4353 ipsorum,
1092 4283 1174 4350 quas
1189 4263 1376 4334 detentores
1390 4260 1440 4344 sut

341 4369 436 4436 titulo
453 4371 752 4460 inpignoraoiouis,
769 4377 821 4444 uel
837 4377 965 4444 nomine
980 4375 1118 4445 indebiti
1134 4381 1317 4461 ocuparunt
1331 4373 1439 4460 pariter

341 4485 374 4545 et
389 4481 551 4546 communi
567 4501 713 4570 expensa
728 4485 895 4568 requirere
911 4485 965 4552 uel
980 4485 1143 4554 redimere
1159 4484 1303 4568 debent,
1319 4489 1353 4550 et
1368 4499 1436 4566 quas

339 4586 533 4658 redemerint
548 4592 601 4659 uel
616 4590 815 4677 optiuucrint
839 4612 938 4663 unam
953 4592 1187 4666 dimidietatem
1211 4595 1379 4684 redempte
1393 4585 1435 4656 otl
