3094 5168
325 1210 390 1277 III.
404 1175 510 1274 Eudre
525 1203 632 1288 lrirdly
649 1177 820 1266 altariolo
831 1203 1142 1289 teSurtbyvuaoeede
1157 1160 1368 1290 nemaetse'pek
1383 1215 1455 1290 tap-

519 1312 577 1397 jui
592 1310 663 1375 beat
678 1310 875 1375 birtekcserdt
889 1309 972 1396 brtpy
989 1310 1123 1396 belybea.
1141 1313 1238 1378 1199.

427 1510 498 1576 Nos
523 1506 676 1575 Andreas
702 1505 766 1573 Dei
792 1506 906 1591 grauia
921 1508 991 1572 Rex
1018 1507 1188 1591 Hnngarie
1214 1505 1449 1590 significamus

323 1617 504 1694 uniuersis,
531 1615 649 1696 quibus
665 1619 839 1696 presentes
856 1613 1088 1696 ostendentur,
1106 1615 1262 1683 memorie
1280 1635 1454 1684 tommen-

323 1727 458 1810 dentes,
476 1723 566 1806 quod
581 1721 701 1788 nobilis
728 1722 778 1788 vir
796 1723 986 1790 Dominious
1002 1723 1161 1806 Magister
1176 1723 1453 1793 Towemieornm

322 1838 505 1901 nostrorum
524 1830 565 1896 de
582 1847 704 1914 genere
721 1829 864 1896 Rathold
881 1829 924 1896 ab
946 1851 1013 1896 una
1029 1837 1134 1916 parte,
1152 1831 1341 1915 Stephanus
1359 1831 1454 1900 filins

320 1941 406 2023 lule,
416 1939 577 2006 Martinus
593 1943 624 2002 el
636 1938 819 2004 Demetrius
836 1935 894 2002 lilii
906 1938 1037 2006 Nieolai
1048 1938 1091 2005 de
1106 1954 1228 2021 genere
1239 1937 1452 2027 Sarthyvan·

321 2048 435 2115 weehe
452 2067 492 2114 ex
518 2046 644 2128 altera,
670 2045 880 2130 presentibus
906 2045 1034 2113 Gemite
1057 2044 1186 2114 Thema
1213 2046 1280 2114 lilio
1304 2047 1454 2115 Comitis

321 2155 473 2238 Andree,
490 2152 615 2220 Gemite
632 2152 792 2220 Nitriensi
808 2159 841 2217 et
858 2153 1048 2238 Barsiensi,
1075 2161 1107 2221 et
1123 2155 1274 2240 Herryeo
1295 2153 1360 2222 filio
1375 2155 1448 2224 Go-

321 2263 408 2328 mitis
423 2259 507 2326 Loth
531 2258 573 2324 de
598 2277 720 2343 genere
743 2257 882 2344 Bolngh‚
909 2256 1119 2343 consiliariJ‘s
1146 2264 1268 2332 neruis
1296 2280 1355 2343 per
1374 2263 1451 2330 Re-

320 2387 419 2451 gnum
435 2367 611 2452 deputatis,
630 2369 707 2432 item
724 2363 862 2434 Nioolao
880 2365 1043 2454 Vayvoda
1065 2367 1132 2434 filio
1149 2369 1300 2450 Magistri
1315 2370 1451 2436 ilenri-

320 2475 374 2561 eij,
392 2474 550 2560 Magistro
576 2476 679 2542 Paulo
696 2475 738 2542 de
757 2475 925 2542 Komarnn
949 2476 1074 2542 Oomite
1092 2478 1259 2543 lauriensi
1282 2484 1316 2544 et
1331 2477 1451 2545 Musu-

321 2585 437 2670 niensi,
455 2585 549 2668 lloys
560 2582 721 2666 Magistro
732 2581 997 2652 'lowarnieorum
1009 2585 1446 2672 domineAgnetisRegine,

322 2690 518 2758 charissime
544 2692 708 2762 consortis
725 2697 845 2775 nostre,
864 2691 1045 2759 Laurenoio
1064 2693 1225 2777 Vayvoda
1250 2689 1314 2759 tilio
1330 2693 1444 2759 Nieo-

321 2799 377 2883 lai,
394 2797 553 2883 Magistro
575 2798 671 2863 Petro
697 2797 785 2864 dieto
813 2801 923 2880 Fogos
948 2799 1074 2866 Comite
1101 2799 1309 2883 Syenlornm,
1336 2798 1446 2866 fratre

320 2905 522 2972 venerabilis
549 2904 654 2990 patris
670 2906 706 2970 P.
724 2905 785 2970 Dei
801 2905 915 2989 grauia
936 2906 1094 2990 Episcopi
1119 2904 1362 2991 Transylvanie
1390 2907 1445 2973 di-

320 3013 397 3080 leoti
414 3021 447 3078 et
465 3011 573 3078 fidelis
590 3014 710 3097 nostri,
741 3014 923 3080 Baronibus
939 3015 1061 3081 nostris
1088 3032 1199 3079 eoram
1214 3000 1308 3078 hobis
1325 3032 1445 3096 perso-

319 3120 438 3186 naliter
455 3119 649 3202 eonslitutis,
668 3119 800 3188 fuerunt
827 3121 970 3188 confessi
984 3121 1180 3207 spontanei,
1206 3120 1387 3204 prudentes
1406 3129 1446 3186 et

319 3226 430 3295 idonei
446 3229 577 3292 oraenlo
594 3227 668 3293 vive
685 3228 796 3296 noeis:
816 3229 903 3309 quod
919 3232 950 3295 in
963 3229 1160 3312 quibusdam
1171 3229 1447 3314 possessionibus

319 3335 388 3400 suis
404 3335 685 3418 permutacionsm
702 3355 760 3401 seu
787 3336 951 3402 cambium
968 3339 1077 3406 faeere
1101 3339 1224 3405 vellent
1238 3335 1444 3403 auctoritate

318 3451 433 3508 nostra
449 3441 555 3524 Regia
571 3443 756 3526 mediante,
783 3451 815 3508 et
832 3465 892 3510 nos
909 3446 1047 3528 Regium
1072 3452 1218 3510 nostrum
1245 3461 1444 3510 eonsensum

316 3548 442 3614 eisdem
458 3550 632 3617 annuimus
658 3551 753 3635 petiti
773 3570 833 3635 per
859 3549 1000 3618 eosdem.
1025 3551 1103 3635 lpse
1129 3551 1217 3617 enim
1247 3550 1442 3634 Stephanus

319 3655 405 3721 filius
422 3656 508 3739 dole,
525 3659 712 3724 volentibus
730 3664 762 3722 et
788 3659 1072 3726 consensientibus
1092 3659 1229 3743 prefatis
1247 3658 1387 3722 llartino
1406 3667 1445 3723 et

318 3761 483 3830 Demetrio
499 3765 540 3830 de
566 3767 784 3847 generatione
800 3784 861 3832 sne
888 3765 1064 3834 affirmarit
1074 3817 1083 3850 ,
1101 3786 1137 3832 se
1155 3763 1342 3849 -quamdam
1362 3783 1451 3850 pos-¹

247 3907 252 3916 .
315 3869 496 3937 sessionem
520 3889 611 3938 suam
638 3872 798 3938 Puruzlou
823 3879 974 3940 voeatam
1001 3893 1072 3938 eum
1092 3893 1151 3939 sno
1178 3871 1379 3939 Monasterio
1402 3871 1441 3937 in

315 3977 432 4044 eadem
447 3981 658 4060 possessione
673 3986 858 4046 constructo
874 3983 906 4047 in
923 3987 1018 4065 portu
1035 3981 1128 4064 Tyza
1147 3979 1381 4064 adjacentem,
1399 3978 1440 4044 in

315 4082 480 4152 Oomitatn
496 4085 537 4152 de
555 4085 781 4172 Heres-Ujvar
795 4088 1000 4170 existentem,
1025 4106 1098 4154 eum
1115 4088 1263 4153 omnibus
1281 4081 1437 4150 utilitati-

315 4193 376 4257 bus
404 4199 437 4259 et
462 4194 678 4278 pertineneijs
703 4196 772 4263 suis
797 4195 959 4263 uniuersis
984 4192 1115 4260 dedisse
1132 4199 1163 4258 et
1189 4193 1372 4262 eontulisse
1401 4191 1440 4256 in

318 4301 596 4384 permutacionem
624 4309 656 4368 et
682 4301 845 4368 cambium
864 4303 1112 4385 possessionum
1138 4299 1272 4366 inferius
1298 4296 1443 4366 consori-

319 4411 447 4489 ptarum
473 4409 754 4478 dioto-Dominioo
781 4409 940 4493 Magistro
967 4409 1215 4476 Towaruisrnm
1241 4416 1445 4489 nostrorum,

319 4521 351 4578 et
367 4514 549 4599 peripsum
567 4519 635 4606 suis
649 4517 844 4599 heredibus,
873 4516 1097 4606 heredumque
1114 4535 1246 4582 suorum
1268 4533 1443 4581 suceesso-

320 4621 410 4688 rihnr
423 4625 498 4705 jnre
514 4634 672 4709 perpetuo
690 4633 722 4690 et
738 4623 1020 4706 irremeabiliter,
1043 4623 1194 4710 paeifioe,
1214 4623 1391 4706 tranquille
1408 4629 1448 4689 et
