3094 5168
804 165 964 264 ΕΞ-

319 367 515 452 posteritate
531 363 722 447 eorundem,
740 360 849 429 adbuc
867 362 945 444 ipsa
961 360 1092 426 uiuente
1110 359 1224 425 debita
1240 365 1355 426 nature
1371 359 1431 424 sol·

321 494 400 541 uere
415 472 631 557 contingeret,
647 476 681 537 et
696 468 845 555 predicta
862 469 994 535 domina
1007 466 1190 555 Elysabetb
1206 466 1432 553 superuiueret,

321 603 363 650 ex
387 588 465 651 tuno
490 583 637 666 prelatas
662 578 894 666 possessiones
920 577 1031 644 Varda
1055 583 1090 643 et
1109 573 1348 643 Damasaieldu
1372 595 1433 640 oum

321 688 472 758 omnibus
487 687 697 773 utilitatibus,
723 685 938 774 pertinencijs
963 691 996 752 et
1016 684 1218 769 adiacenoijs
1237 683 1374 769 pacifice
1385 733 1394 768 ,
1407 693 1434 749 et

321 798 432 882 quiete
448 797 575 881 absque
591 795 734 864 humano
744 795 971 880 inpedimento
982 793 1086 859 libere
1102 790 1297 878 possidebit,
1315 789 1434 856 relicin-

321 925 393 972 ram
409 924 450 971 ae
466 905 681 990 donaturam,
707 923 817 991 ymmo
839 899 1056 968 donacionem
1072 919 1114 966 ex
1130 917 1216 965 unno
1232 896 1355 968 iactam
1371 898 1435 966 effe

322 1012 388 1080 otui
404 1012 677 1097 mancipaturam.
704 1011 741 1078 Si
757 1015 870 1078 autem
886 1009 961 1094 ipsa
977 1008 1112 1076 domina
1128 1007 1312 1094 Elysabetb
1331 1005 1433 1074 iustin-

323 1125 378 1188 ctu
394 1119 532 1206 speciali
556 1119 686 1188 seilicet
701 1117 808 1184 dictas
834 1113 1064 1200 possessiones
1089 1115 1168 1180 uiua
1183 1133 1265 1182 uoce
1284 1119 1317 1181 et
1332 1115 1435 1184 uolun-

323 1227 408 1297 tarie
424 1227 595 1314 resignare
605 1225 756 1310 uoluerit,
767 1223 962 1293 etreeedere
977 1223 1021 1290 ab
1037 1220 1156 1291 iisdem
1172 1220 1435 1310 possessionibus,

324 1339 457 1402 extunc
474 1353 534 1401 nos
554 1333 795 1418 quinquaginta
812 1350 943 1398 marcas
960 1328 1016 1395 fini
1041 1331 1172 1413 argenti
1189 1330 1297 1397 eidem
1314 1329 1436 1397 domine

324 1445 423 1528 plens
440 1445 474 1508 et
492 1441 619 1524 integre
634 1439 715 1510 dare
725 1438 883 1506 debemus
904 1447 934 1502 et
949 1445 1106 1520 tenemur,
1123 1457 1184 1522 pro
1201 1439 1372 1507 uoluntate
1387 1459 1439 1507 sua

324 1549 581 1618 distribuendas.
598 1551 640 1616 Et
665 1569 707 1618 ne
722 1549 756 1616 in
777 1548 839 1614 boo
855 1566 935 1613 casu
951 1553 1029 1616 uoto
1046 1565 1105 1614 suo
1125 1565 1166 1613 ex
1187 1567 1275 1613 nuuc
1299 1548 1440 1615 ordinato

326 1664 360 1725 et
375 1657 599 1741 solemnisato‚
616 1655 750 1725 malicia
766 1655 932 1723 bominum
958 1654 1063 1740 possit
1078 1655 1291 1737 aliquatenus
1307 1658 1442 1740 obuiare,

327 1787 400 1834 cnm
416 1785 515 1836 casus
531 1767 676 1850 fortuiti,
703 1773 736 1832 et
752 1763 975 1851 inopinabiles
994 1765 1182 1831 nullatenus
1197 1765 1364 1852 presideri
1377 1785 1442 1851 pos·

326 1878 403 1961 sint,
421 1877 450 1943 si
465 1876 573 1962 ipsam
591 1881 697 1944 morte
713 1875 893 1960 improuisa
909 1873 1050 1940 transire
1066 1893 1107 1940 ex
1123 1874 1185 1940 hoo
1201 1873 1314 1943 seculo
1329 1876 1443 1943 coutin-

325 1991 394 2070 gat,
410 1985 517 2053 dietas
529 1983 762 2069 possessiones
772 1983 806 2050 in
822 1982 873 2048 ius
885 1989 917 2048 et
933 1982 1166 2067 proprietatem
1183 1983 1254 2047 sine
1271 1981 1444 2050 dominium
1524 1981 1526 2054 l

325 2101 472 2160 nostrum
497 2111 539 2158 ex
564 2109 649 2158 nnnc
676 2093 746 2157 vult
770 2089 962 2172 transferri,
983 2087 1250 2157 contradiceioue
1276 2091 1444 2158 cuiuslibet

324 2201 568 2268 nonobstante.
594 2199 667 2266 Hoc
683 2197 838 2284 adjecto,
864 2197 952 2282 quod
976 2215 1036 2266 nos
1061 2195 1274 2284 supradictas
1293 2199 1444 2282 quiuqua-
1528 2234 1529 2268 t

326 2307 418 2392 ginta
428 2325 557 2375 marcas
568 2307 626 2375 lini
639 2307 772 2390 argenti
781 2326 841 2392 pro
859 2303 1004 2374 remedio
1015 2306 1123 2372 anime
1140 2303 1275 2372 Comitia
1290 2305 1445 2374 Harbordi
1529 2312 1530 2340 l

325 2416 581 2482 bonessmemorie
601 2415 711 2481 mariti
728 2415 789 2498 sui,
807 2421 839 2480 et
856 2433 923 2500 sue,
941 2433 1001 2483 nec
1018 2433 1083 2482 non
1101 2413 1301 2497 etliliorum‚
1317 2413 1445 2498 salillo,

325 2542 384 2588 seu
400 2524 505 2590 tocius
522 2522 730 2607 posteritatis
747 2523 944 2590 distribuere
960 2523 1151 2606 tenebimur,
1169 2522 1268 2588 modo
1286 2523 1446 2590 infrascri-

327 2636 403 2717 pto,
427 2631 542 2698 dacem
556 2631 713 2699 videlicet
729 2651 857 2700 marcas
884 2631 1035 2700 dabimus
1062 2631 1219 2698 tratribus
1236 2631 1447 2699 Predioatori-

327 2739 388 2805 bus
415 2737 456 2803 de
481 2739 578 2806 domo
595 2740 753 2824 Albensi,
771 2739 816 2805 ad
832 2757 915 2822 opus
933 2737 1083 2805 Ecclesia
1099 2739 1202 2806 Beate
1218 2737 1383 2826 Virginis3
1401 2739 1450 2805 de-

329 2865 399 2911 cem
418 2847 574 2915 fratribus
592 2848 813 2914 Heremitanis
830 2847 946 2914 Sancti
963 2847 1140 2932 Augustini
1156 2847 1198 2913 de
1215 2847 1387 2915 Conventu
1403 2847 1451 2914 tt-

327 2953 424 3020 bensi
435 2954 480 3020 ad
496 2973 579 3040 opus
595 2956 746 3022 Ecclesie
756 2955 870 3020 Sancti
886 2954 1046 3039 Stephani
1059 2953 1344 3040 Protbomartiris;
1363 2957 1451 3040 quin-

327 3079 391 3142 qua
405 3081 537 3130 marcas
554 3064 710 3129 iratribus
728 3062 996 3130 Predioatoribus
1012 3060 1053 3128 de
1073 3053 1213 3148 Oybinio
1229 3063 1273 3132 ad
1289 3083 1375 3149 opus
1393 3069 1451 3133 Eo·

327 3170 428 3236 olesie
446 3171 568 3239 Sancta
594 3171 728 3258 Crucis,
746 3171 888 3254 quinque
905 3189 1029 3238 marcas
1045 3169 1200 3239 tratribus
1215 3172 1397 3242 minoribus
1414 3174 1455 3241 de

328 3275 442 3344 eodem
459 3278 503 3346 ad
520 3297 601 3365 opus
626 3279 775 3346 Ecclesia
796 3280 917 3345 Sancte
935 3279 1139 3365 Elysabetb;
1157 3279 1270 3349 decem
1296 3283 1452 3353 fratribus

326 3381 594 3454 Predioatoribus
609 3385 645 3452 in
658 3383 763 3453 Vincb
775 3386 1000 3470 existentibus,
1017 3386 1046 3452 si
1063 3388 1097 3452 in
1115 3385 1331 3474 conventum,
1352 3411 1455 3476 usque

327 3490 372 3558 ad
388 3493 645 3579 complecionem
670 3494 901 3562 condicionum
927 3493 1191 3579 supradictarum
1208 3495 1308 3564 suerit
1325 3505 1457 3567 erectus

328 3601 415 3669 idem
430 3602 533 3689 loous,
551 3602 603 3670 siu
619 3603 893 3686 autumnumque
909 3621 1042 3672 marcas
1058 3603 1215 3672 fratribus
1230 3603 1296 3671 illic
1310 3607 1458 3674 residen-

328 3709 426 3794 tibus,
444 3718 477 3778 et
492 3709 636 3793 quinque
652 3709 809 3778 fratribus
836 3710 877 3778 de
904 3709 1070 3794 Candela,
1088 3731 1129 3778 ao
1155 3711 1270 3780 decem
1297 3712 1460 3785 batribus

328 3815 595 3886 Predioatoribus
620 3819 662 3885 de
687 3819 885 3904 Seguswar3
912 3826 944 3887 et
962 3817 1011 3888 sio
1031 3819 1281 3906 complebuntur
1296 3823 1461 3907 quinqua·

327 3925 422 4011 ginta
438 3944 549 3992 maroe
560 3927 708 4011 superius
725 3927 901 4011 nominate,
919 3945 979 3994 nec
990 3928 1082 4016 prius
1098 3928 1191 3996 adire
1203 3929 1366 3997 debemus
1385 3947 1462 4015 pos·

328 4031 512 4103 sesssiones
527 4043 738 4122 memoratas,
752 4036 819 4102 nisi
835 4036 927 4123 prius
944 4038 1185 4124 quinquaginta
1196 4056 1307 4106 maroe
1324 4041 1462 4127 sepedi-

327 4151 379 4212 cte
388 4193 397 4228 ‚
425 4143 604 4211 secundum
620 4145 748 4213 modum
772 4150 980 4230 prenotatam
995 4196 1004 4232 ,
1033 4149 1129 4232 plene
1146 4154 1179 4215 et
1194 4147 1322 4233 integre
1335 4148 1465 4217 fuerint

328 4253 504 4337 persolute.
523 4253 677 4322 Ceterum
703 4259 806 4324 totam
823 4255 1071 4325 ordinacionem
1095 4258 1217 4328 factam
1233 4258 1276 4327 de
1291 4259 1400 4328 uerbo
1418 4259 1465 4328 ad

329 4361 465 4429 uerbum
480 4379 553 4446 nos,
569 4363 660 4430 nullo
677 4362 718 4428 de
734 4364 829 4430 nobis
843 4363 1097 4448 contradicente,
1114 4367 1275 4434 benevole
1291 4385 1365 4432 cum
1385 4389 1465 4454 gra·

325 4469 453 4537 ciarum
469 4469 606 4539 accione
621 4475 790 4555 gratanter
806 4470 957 4542 duximus
974 4473 1222 4559 acceptandam.
1239 4476 1277 4542 In
1296 4475 1399 4546 onius
1416 4477 1466 4547 rai
