3094 5168
841 271 991 379 ΕΞ-

350 489 483 555 etonem
508 492 541 551 et
566 487 761 554 mandatum*
791 487 914 557 Datum
931 487 1080 559 Sabbato
1106 497 1181 576 post
1206 491 1395 575 quindenam
1411 493 1461 560 ts-

345 591 549 680 sumpoionis
579 595 683 665 Beate
709 595 857 684 Virginis
889 619 977 666 auno
1003 598 1136 667 Domini
1159 602 1210 670 M⁰
1236 600 1307 670 00⁰
1330 621 1459 689 nonage-

348 723 430 771 srrno
453 721 550 772 nouo.

454 899 565 968 Jeygwt.
587 897 787 972 Bitrhartytra
799 898 869 957 irott
880 897 1031 970 sterteret,
1045 901 1179 971 msiynek
1192 899 1318 959 hatirata
1330 919 1361 958 en
1374 924 1379 954 :
1394 901 1458 973 „Fre

346 989 489 1046 Michaele
502 988 563 1045 filio
573 989 727 1048 Doueoher
739 1009 827 1066 super
837 991 1073 1049 raambulaoione
1087 997 1165 1050 terre
1176 992 1306 1049 Ladislai
1319 992 1367 1064 filij
1378 992 1458 1050 Inan-

346 1081 386 1136 ka
400 1096 497 1136 eoram
510 1081 598 1138 Petro
612 1087 642 1138 et
656 1087 780 1154 quatuor
792 1079 971 1140 Judieibusf
993 1082 1120 1140 Metsolta
1133 1081 1249 1141 Horruit
1267 1081 1363 1142 lstvtn
1381 1084 1458 1140 aiio·

345 1169 502 1244 pos-Merui
515 1171 616 1246 Μέγα]
629 1171 736 1231 Ldszlo
750 1173 952 1246 peldsuytbol.
978 1163 1073 1246 My.)

788 1474 802 1480 ..
851 1470 1046 1500 'w

883 2019 955 2086 154.

342 2219 451 2284 Istocine
476 2216 759 2302 alorsadgbtrdoak
784 2217 930 2282 Zeu-em
956 2221 987 2282 ts
1015 2215 1331 2304 Arkyboaozurobok
1355 2213 1455 2298 helyae·

346 2327 449 2413 yekre,
466 2323 638 2390 oonatkezo
651 2323 754 2391 itolote
778 2347 798 2388 a
816 2323 1148 2411 kirdlyuejobbcigyoi
1162 2325 1195 2387 os
1209 2345 1232 2387 a
1246 2321 1400 2388 Ζυνοήιιὶεί
1413 2342 1455 2384 os·
1509 2412 1512 2416 ,

752 2433 855 2500 mseek
871 2434 951 2497 rozo.
969 2433 1066 2497 1299.

449 2629 518 2698 Nos
534 2630 652 2698 conos
668 2631 856 2717 Stephanus
873 2627 1084 2698 viee-Jndex
1099 2629 1204 2697 ¹Curio
1223 2628 1353 2696 Domini
1367 2625 1454 2710 Regis

344 2737 496 2804 memorie
520 2737 786 2805 commendamus
813 2736 1039 2825 signifloentes
1065 2738 1184 2821 quibus
1200 2735 1332 2823 expedit
1355 2741 1453 2803 tenore

343 2847 548 2930 preseneium
573 2847 754 2930 universis,
782 2847 870 2930 quod
896 2865 969 2916 eum
994 2845 1174 2916 Lodialans
1198 2843 1284 2913 iiiios
1304 2843 1405 2927 Rusd,
1427 2851 1454 2907 et

341 2957 430 3022 Deos
445 2954 529 3022 tilius
545 2953 738 3043 Tyburehit
751 2959 966 3026 exereitoaios
977 2955 1180 3043 jobagiones
1196 2953 1329 3022 domine
1344 2951 1453 3035 Regino

341 3061 528 3149 Huogarie‚
553 3060 685 3130 domino
709 3070 831 3147 nostro,
858 3064 1079 3148 personaliter
1098 3066 1336 3149 eomparentes,
1362 3057 1451 3138 zeon„

341 3167 463 3254 Oponr,
480 3171 561 3237 Bors
577 3177 610 3237 et
625 3169 812 3256 Nieoiaurn,
826 3168 912 3240 filios
928 3171 1035 3238 Blasii
1053 3171 1170 3239 nobilis
1187 3170 1229 3238 de
1246 3168 1403 3250 Zurohuk,
1413 3183 1447 3230 ox

341 3277 459 3360 quibus
475 3281 508 3344 st
533 3295 593 3360 pro
610 3279 728 3362 quibus
744 3279 844 3348 iidem
872 3279 966 3348 Zods
982 3286 1014 3346 et
1030 3281 1115 3348 Bora
1131 3299 1205 3346 oum
1231 3273 1451 3363 proonratoriis

341 3383 459 3453 litteris
475 3383 618 3472 Capituli
635 3387 915 3476 Wenprimyensis
931 3389 1123 3473 astiterunt,
1140 3386 1322 3454 traxissent
1337 3385 1369 3452 iu
1387 3400 1451 3452 oau-

342 3513 416 3561 sam
431 3511 542 3562 eoram
559 3495 664 3582 nobis,
682 3495 760 3564 dieti
780 3497 960 3566 Ladiniaus
977 3505 1011 3565 ot
1026 3497 1115 3567 Deos
1131 3502 1245 3563 eontra
1261 3493 1393 3562 eosdem
1406 3509 1453 3556 no·

341 3601 425 3668 biles
445 3599 573 3669 litteras
601 3603 752 3690 Magistri
778 3605 943 3673 Laurente
969 3603 1107 3673 Comitis
1132 3600 1405 3688 wesprimyensis
1427 3604 1454 3662 et

341 3718 481 3792 quatuor
500 3707 649 3776 Judioum
678 3711 827 3780 eiusdem
853 3711 1034 3783 Comitatus
1051 3711 1281 3798 inquisitories
1306 3707 1454 3794 infigura

342 3819 362 3886 J
366 3816 462 3882 udioii
473 3815 696 3886 exhibuerunt
707 3821 925 3905 continentes,
944 3821 1032 3906 qood
1047 3821 1148 3904 Zoda,
1164 3823 1245 3887 Bora
1262 3825 1296 3885 et
1310 3817 1454 3886 Nioolans

339 3923 477 4006 predicti
492 3931 526 3990 ot
541 3931 676 4014 cognati
687 3931 866 3998 eorundem
883 3933 915 3996 iu
932 3932 1058 4000 ootauis
1069 3928 1263 4000 Natiuitatis
1274 3928 1378 3996 Beate
1394 3923 1452 3990 Vir·

342 4031 428 4118 ginis
446 4031 508 4100 hoe
524 4055 611 4104 anuo
629 4039 764 4107 eosdem
780 4037 991 4126 Ladiziaom,
1018 4041 1107 4108 Deos
1124 4047 1158 4106 et
1174 4043 1336 4125 cognatos
1355 4050 1451 4103 eorun

340 4139 598 4226 destruxissent,
623 4148 784 4230 quosdam
802 4169 843 4217 ox
870 4149 917 4216 eis
943 4149 1186 4236 eaptinassent,
1215 4145 1374 4231 quosdam
1388 4155 1453 4208 vero

340 4251 515 4320 enormiter
529 4254 771 4341 uerberasset,
783 4257 894 4328 omnia
915 4257 1123 4327 bonaeorurn
1135 4253 1267 4342 penitus
1278 4245 1452 4326 auferendo,

341 4357 524 4429 adioieutos
540 4366 627 4447 qnod
643 4365 777 4434 domina
794 4367 923 4454 Regina
949 4375 1070 4435 terram
1097 4365 1130 4431 in
1150 4363 1302 4430 Zurohuk
1328 4357 1450 4428 haberet

339 4464 667 4554 Arkybanozurohuk
684 4481 847 4560 uooatoru,
868 4493 1047 4560 superque
1064 4472 1145 4540 dieti
1157 4471 1356 4558 jobagieues
1374 4482 1451 4534 exer·

337 4572 477 4646 eitnaies
493 4575 580 4646 dioto
595 4577 725 4647 domine
751 4581 876 4666 Regino
895 4579 1036 4648 fuissent
1060 4577 1219 4648 destrnoti
1245 4596 1304 4662 per
1330 4569 1446 4642 nobiles
