3144 5180
145 1185 208 1250 IV.
216 1183 1083 1274 bsubrpepaitcdolfrcmiosoucbirutyoah,tinakt
1092 1195 1142 1250 azo
1150 1193 1269 1272 denuc,

145 1291 229 1380 dopy
244 1294 524 1382 Mopyororszdpot
531 1294 658 1380 fiducie,
676 1293 785 1360 Aldert
799 1295 956 1360 amatrici
978 1293 1162 1380 dercaepcek
1177 1293 1269 1358 bdbc'·
1346 1340 1347 1343 ,

143 1402 200 1467 rot
214 1403 451 1489 adomdsuyozta,
466 1401 650 1490 uddoozodja,
661 1403 740 1492 dcpy
755 1405 859 1470 Jduos
866 1405 958 1490 joci-i
987 1399 1140 1488 (occinui)
1152 1411 1268 1489 pdspb·
1380 1481 1383 1488 ι

207 1509 261 1576 coc
276 1531 348 1574 een
365 1519 427 1598 upy
444 1511 603 1576 actuose
617 1512 714 1598 espec
729 1511 824 1577 tone
833 1509 931 1598 fogia
946 1511 1089 1578 oomni.
1106 1510 1204 1578 1290.

256 1707 414 1777 Nicolaos
429 1709 616 1796 Episcopus
632 1729 745 1777 seruus
771 1728 938 1778 seruorum
965 1708 1028 1776 Dei
1047 1707 1219 1778 carissimo
1236 1707 1268 1774 in

146 1816 281 1888 Christo
298 1816 365 1883 tilio
383 1817 420 1882 R.
439 1817 522 1904 Regi
538 1820 758 1889 Romanorum
783 1815 911 1886 Illustri
925 1817 1066 1885 salutem
1083 1823 1115 1884 et
1130 1816 1269 1904 Aposto-

145 1927 248 1994 licam
264 1927 534 1995 benedictionem.
551 1929 696 1998 Litteras
713 1928 837 2016 Regias
853 1935 962 1996 nostro
979 1947 1080 2010 nuper
1094 1925 1268 2014 Apostolos

144 2035 196 2102 tui
211 2041 422 2122 presentatus
446 2037 654 2122 benignitate
669 2037 852 2124 recepimus
872 2041 1030 2104 consueta
1046 2061 1055 2102 :
1072 2053 1206 2118 quarum
1222 2056 1269 2103 se·

146 2145 196 2210 ric
212 2143 386 2228 diligenter
405 2143 660 2231 perpendimus,
685 2144 773 2230 quod
788 2151 863 2230 post
880 2144 1004 2212 obitum
1028 2141 1190 2228 quondam
1207 2142 1270 2210 Lc-

147 2251 248 2318 dislai
264 2251 364 2336 Regis
380 2250 534 2339 Ungsrie,
552 2260 587 2318 tn
603 2261 691 2322 certa
702 2253 965 2321 consideratione
982 2251 1154 2336 inductus,
1170 2271 1267 2336 quam

148 2361 264 2428 cedern
281 2359 390 2426 littere
416 2359 666 2444 exprimebant,
693 2359 812 2430 dilecto
829 2359 895 2426 tilio
920 2359 1025 2427 nobili
1050 2361 1120 2428 viro
1137 2361 1270 2430 Alberto

148 2466 234 2534 Dnci
252 2467 394 2552 Austris,
420 2475 498 2536 nato
518 2477 593 2552 tuo,
621 2476 654 2536 et
671 2471 740 2538 eius
756 2469 934 2537 heredibus
950 2467 991 2535 de
1018 2469 1153 2538 consitio
1171 2477 1203 2536 ct
1218 2489 1268 2538 as·

149 2595 251 2643 sensu
267 2577 464 2664 Principum,
480 2579 662 2659 Beronum,
679 2567 840 2646 nobilium
856 2585 889 2644 et
903 2597 1074 2666 procerum
1092 2579 1197 2664 Regni
1213 2579 1270 2658 tui,

149 2683 183 2750 in
211 2683 342 2751 seudum
365 2685 514 2769 Regnum
543 2685 690 2772 Ungarie
717 2685 920 2760 concessisti.
945 2685 1025 2753 Cum
1042 2693 1148 2754 autem
1165 2687 1270 2770 prefa-

151 2799 219 2860 tum
246 2795 391 2878 Regnum
418 2793 461 2860 ad
488 2795 669 2862 Romanam
694 2795 879 2862 Ecclesium
908 2814 1073 2862 excausa
1097 2793 1271 2880 multiplici

150 2901 314 2986 pertinere
329 2908 491 2985 noscatur,
504 2902 700 2971 eelsitudini
711 2905 814 2989 Regio
831 2922 889 2989 per
904 2904 1126 2971 venerabilem
1137 2902 1271 2970 fratrem

151 3017 299 3078 nostrum
314 3011 496 3078 Johannem
522 3011 657 3078 Rsinum
674 3012 872 3098 Episcopum
900 3029 1000 3096 super
1015 3010 1201 3080 huiusmodi
1216 3032 1270 3079 ne·

90 3102 94 3112 ’
154 3121 244 3205 gotio
261 3117 506 3205 respondemus.
522 3121 644 3188 Datum
661 3121 748 3208 apud
759 3117 1045 3188 Urbem-Veterem
1056 3122 1094 3188 V.
1104 3120 1269 3192 kalendas

151 3227 314 3316 ianuarii,
331 3225 545 3298 Pontificatus
561 3229 664 3296 nostri
680 3249 767 3298 anno
788 3228 895 3296 tertio.

153 3419 214 3494 (iv.
236 3423 343 3478 Miklds
363 3419 441 3496 pdpa
453 3422 641 3497 Regestdibol
654 3423 781 3480 Theiner
793 3423 831 3480 id.
844 3443 880 3479 m.
894 3421 915 3478 Ι.
928 3423 988 3478 kdt.
1001 3419 1061 3480 370.
1075 3423 1094 3477 Ι.
1122 3421 1206 3494 Rejdr
1228 3421 1269 3479 hi·

151 3513 244 3570 bdson
256 3513 431 3572 vdltoztatta
444 3532 507 3584 meg
520 3531 591 3571 enen
602 3515 730 3588 olrmdny
739 3514 831 3572 keltdt
844 3513 914 3571 Cod.
924 3513 1002 3586 Dipi.
1012 3511 1060 3570 v1.
1071 3515 1099 3569 k.
1109 3514 1131 3570 1.
1144 3534 1165 3570 r.
1175 3513 1222 3569 84.
1237 3511 1268 3584 1.)
