3082 5166
793 347 953 452 jep-

314 547 542 630 existeutibus;
553 555 584 612 et
594 543 671 632 alijs
682 542 834 615 diseretis
845 544 1036 616 ethouestis
1046 543 1126 612 viris
1137 543 1423 614 Canonieislluele·

313 655 362 723 sio
377 661 488 722 nostre
498 652 532 722 iu
546 653 696 721 Ecclesia
706 657 806 722 Beate
816 654 961 739 Virginis
974 655 1044 720 Deo
1055 651 1171 720 deuote
1188 651 1423 720 famulantibus.

418 853 526 919 lappaet.
540 847 687 920 szepett
696 847 747 904 ket
760 847 865 919 helyeu
878 849 983 920 lyulras
1000 843 1194 916 bb'rhtlrtyara
1216 845 1286 902 irott
1299 850 1423 903 metszett

312 937 398 1008 level,
412 939 548 1009 melyuek
562 937 621 994 alul
634 938 785 1009 lb'lhajtott
795 937 955 994 hasadekai
965 943 1050 994 vbrlls
1064 935 1095 992 es
1108 936 1175 991 sold
1187 937 1301 992 sodrott
1313 936 1423 1005 selyem·

312 1031 355 1085 rbl
367 1028 457 1104 tuggo
470 1027 593 1102 peosete
602 1027 719 1085 mouorul
730 1026 761 1085 es
775 1047 810 1085 az
823 1029 859 1084 itt
871 1027 986 1084 kladott
998 1027 1147 1085 laos-iral
1165 1045 1308 1100 ugyanaa.
1326 1023 1425 1082 Akel-

312 1119 361 1176 kei
374 1117 578 1178 leudltirbau:
598 1119 659 1175 AL.
674 1121 716 1176 19.
739 1106 822 1188 hilp.

834 1841 909 1908 165.

314 2035 345 2102 A
355 2038 505 2126 poesepat'
525 2037 682 2124 kdptalatt
706 2040 808 2124 dltrju
834 2037 945 2102 Mdria
960 2025 1173 2122 kircllyrteuuk
1197 2056 1278 2098 aeon
1303 2033 1428 2098 lars-li

310 2145 569 2234 priuilepinmdl,
594 2145 739 2234 melylyel
761 2145 902 2211 Werb'cze
925 2147 1019 2209 odron
1033 2141 1257 2230 embadsipuit
1282 2142 1427 2230 mephall-

764 2263 862 2318 rozta.
888 2252 986 2316 1300.

421 2449 493 2518 Nos
509 2448 696 2538 Capitulum
721 2449 870 2519 Eeelesie
886 2451 984 2516 Beati
1000 2447 1091 2518 Petri
1116 2448 1159 2515 de
1175 2447 1322 2535 Possega
1337 2445 1428 2514 omui·
1528 2521 1529 2567 ᾖ

314 2560 375 2627 bus
391 2556 512 2625 (lhristi
528 2553 680 2626 fidelibus
697 2567 868 2644 presentes
884 2557 1013 2626 litteras
1030 2557 1227 2640 inspecturis
1245 2556 1384 2623 salutem
1398 2552 1428 2617 iu

314 2664 472 2748 largitore
497 2667 624 2736 salutis.
649 2666 700 2732 Ad
716 2667 945 2734 universorum
961 2663 1119 2732 noticiam
1146 2663 1258 2732 barum
1278 2664 1364 2731 serie
1380 2682 1427 2730 vo·

314 2773 419 2842 lumus
436 2774 620 2862 pervenire,
637 2775 724 2857 quod
740 2775 830 2842 eires
848 2785 881 2840 et
896 2773 1044 2858 hospites
1062 2772 1104 2841 de
1120 2771 1305 2840 Wereuohe
1323 2772 1365 2838 ad
1378 2788 1427 2837 uo·
1527 2797 1528 2802 ¹

315 2887 418 2948 stram
435 2883 654 2968 personaliter
670 2881 867 2950 aecedentes
883 2883 1088 2970 presenoittm
1111 2879 1328 2948 exhibuerunt
1342 2877 1428 2947 nobis

314 2987 442 3055 litteras
464 2995 617 3074 patentes
634 2989 852 3057 Serenissime
868 2991 971 3058 Mario
987 2991 1112 3075 Reglue
1129 2991 1188 3056 sub
1215 2987 1369 3072 pendenti
1392 2983 1428 3051 si-

316 3096 396 3182 gillo
413 3107 604 3181 emanatas,
632 3105 785 3184 petentes
811 3116 872 3164 uos
889 3117 962 3165 oum
979 3097 1143 3165 iustauoia
1153 3147 1161 3180 ,
1189 3104 1223 3163 ut
1237 3105 1365 3165 tenores
1381 3112 1428 3158 ea·

315 3201 452 3272 modom
469 3203 675 3292 presentibus
699 3205 895 3274 transscribi
910 3212 944 3272 et
960 3211 1072 3274 nostro
1099 3204 1269 3290 privilegio
1285 3203 1429 3288 dignare·

316 3332 387 3378 mur
402 3309 603 3379 ooulirmare.
622 3311 770 3392 Quarum
786 3321 880 3380 tenor
899 3314 977 3380 talis
996 3319 1070 3382 est:

424 3419 533 3486 Maria
556 3419 596 3490 D.
613 3439 661 3502 gr.
684 3419 812 3506 Regina
828 3420 1001 3508 Huugarie
1019 3422 1083 3490 stb.
1108 3435 1137 3507 (l.
1149 3431 1385 3506 olrmlnytlrunk
1397 3429 1429 3486 11.

316 3521 430 3580 kbtetet
442 3524 506 3578 202.
519 3519 550 3592 l.)

423 3616 492 3682 Nos
508 3615 608 3698 igitur
625 3615 728 3684 dietas
754 3617 884 3686 litteras
900 3619 935 3686 iu
952 3617 1038 3686 omui
1062 3617 1113 3685 sui
1130 3624 1223 3705 parte
1242 3621 1336 3705 juste
1352 3637 1431 3685 emu-

316 3730 413 3791 natas
429 3723 658 3809 inspioieules‚
674 3723 958 3812 peticionibusque
974 3723 1176 3812 prelatorum
1194 3727 1316 3794 ciuium
1333 3733 1366 3794 et
1382 3727 1433 3794 ho-

315 3832 435 3917 spitum
452 3830 493 3898 ds
509 3831 688 3900 Wereuohe
704 3833 861 3920 legitimis
887 3841 1086 3921 annuentes,
1113 3843 1244 3904 tenores
1263 3835 1434 3904 earundem

318 3939 361 4004 de
377 3940 478 4007 verbo
506 3940 548 4006 ad
574 3942 708 4008 verbum
733 3943 940 4027 presentibus
965 3943 1066 4012 inseri
1087 3943 1243 4029 lenimus,
1270 3952 1305 4011 et
1330 3949 1435 4012 nostro

317 4045 490 4134 privilegiu
501 4047 650 4120 duximus
661 4051 912 4120 confirmandas.
924 4051 962 4118 Iu
972 4051 1063 4118 euius
1074 4050 1121 4118 rei
1131 4053 1354 4120 testimouium
1370 4071 1436 4139 pre-

319 4161 430 4223 sentes
448 4157 671 4224 oonoessimus
687 4159 825 4242 litteras,
841 4159 943 4242 sigilli
953 4159 1242 4228 uostrimuuimine
1257 4163 1435 4229 roboratas.

318 4261 441 4334 Datum
456 4265 491 4332 iu
511 4263 597 4331 sesto
613 4267 825 4334 Asoeusiouis
850 4267 994 4352 Domini,
1018 4287 1103 4336 auno
1123 4271 1257 4337 Domini
1276 4268 1434 4337 meoet

639 4459 751 4534 (Koppi
763 4460 907 4519 rostratas
919 4461 998 4518 ulan.
1018 4461 1118 4533 ἔπαλ.)

797 4647 1011 4657 uuna-...0—
