3144 5180
773 941 778 950 ’
887 955 947 1024 22.

353 1172 417 1238 111.
427 1172 536 1237 Endrs
543 1171 648 1259 kircilp
657 1175 759 1258 ritirju
769 1175 801 1236 ἅ
810 1173 986 1260 mopsos&
994 1171 1055 1238 IV.
1067 1170 1181 1237 Lrirnld
1187 1171 1362 1259 kirdlynok
1373 1173 1466 1238 1277.

358 1281 407 1344 eoi
416 1279 532 1366 hadel,
542 1279 687 1367 melylyel
697 1303 730 1346 ez
739 1282 918 1367 apoaorryi
925 1279 1082 1366 kriptulun
1091 1278 1226 1346 birtokrit
1237 1282 1467 1367 nepesinum«.

861 1390 959 1455 1291.

479 1587 633 1654 Andreas
664 1587 729 1656 Dei
759 1587 874 1672 grania
898 1585 1064 1671 lingerio,
1096 1587 1287 1673 Dalmaoie,
1318 1587 1464 1672 Oroaoio,

352 1697 474 1782 Rama,
491 1697 606 1765 Seruio
616 1748 625 1781 ,
643 1696 803 1786 Gallicis,
819 1697 1030 1784 Lodomerie,
1056 1697 1211 1764 Comanie
1221 1743 1230 1780 ,
1248 1697 1466 1783 Bnlgarieque

353 1808 423 1874 lton
439 1807 600 1874 vninersis
616 1813 790 1891 presentes
816 1807 941 1873 litteras
957 1806 1175 1888 intuentibus,
1201 1804 1343 1872 salntem
1360 1806 1395 1872 in
1411 1822 1465 1873 sa·

353 1914 431 1981 lutis
448 1915 614 2000 largitore.
639 1915 691 1980 nd
708 1915 933 1982 vnlnersorum
952 1915 1108 1981 noticiam
1123 1913 1237 1981 lrarnm
1259 1915 1345 1981 serie
1368 1915 1465 1981 wolu·
1548 1985 1549 2006 ἦ

352 2043 423 2092 mus
439 2025 629 2108 pumenire,
654 2023 741 2105 quod
756 2022 916 2090 discretus
931 2021 981 2090 rir
994 2026 1149 2107 magister
1164 2021 1261 2088 Haab
1277 2021 1463 2107 Propositus
1548 2029 1549 2032 ’

353 2140 386 2201 et
401 2133 586 2219 Capitulum
604 2133 753 2200 lloolesie
770 2133 982 2202 Posonionsis
1009 2131 1122 2199 fidelos
1139 2129 1244 2197 nostri
1260 2130 1304 2195 ad
1320 2139 1463 2197 nostram

352 2241 546 2308 aecedentes
562 2241 781 2326 presenciam,
798 2241 1016 2308 exhibuerunt
1030 2241 1124 2306 nobis
1140 2239 1346 2324 priuilegium
1366 2238 1463 2305 domi·

353 2351 385 2415 ni
401 2348 550 2417 Ladinlai
566 2349 656 2415 olare
673 2349 828 2416 memorie
852 2349 994 2416 lllnstris
1010 2347 1173 2433 quondam
1192 2349 1295 2435 Regis
1313 2346 1462 2432 Vnguis,

352 2458 508 2544 patruelis
525 2459 629 2523 nostri
653 2457 841 2546 karissimi,
867 2475 965 2542 super
980 2458 1088 2542 faulo,
1113 2475 1172 2524 ssu
1187 2457 1372 2523 donaoione
1388 2475 1462 2541 qna·

352 2565 498 2634 rumdam
514 2567 666 2633 villarum
683 2567 825 2654 Samnd,
851 2567 949 2637 welk
965 2573 999 2632 et
1012 2565 1119 2635 Kurth
1135 2573 1345 2650 noeriorum,
1361 2585 1402 2633 ao
1416 2585 1463 2632 sn·

351 2695 409 2760 per
425 2674 620 2758 quibusdam
637 2678 826 2764 pisostum,
843 2675 921 2743 olim
937 2675 1131 2760 conlectum,
1148 2681 1299 2760 petentes
1316 2681 1461 2742 anostra

351 2783 554 2852 Celsitudino
571 2803 641 2850 oum
658 2785 840 2872 instancia,
859 2793 895 2853 vt
910 2785 1127 2854 donacionem
1143 2783 1185 2850 do
1204 2784 1364 2868 prediotis
1379 2781 1460 2850 villis
1550 2871 1551 2878 ἵ

352 2901 385 2958 st
399 2892 577 2979 piscaturis
604 2894 815 2977 Propositure
841 2899 874 2960 et
891 2892 1040 2960 Eoolssio
1055 2891 1246 2959 Posonionsi
1271 2892 1395 2958 iaotam
1409 2907 1460 2955 ra·
1550 2883 1551 2958 l

350 2999 564 3082 amittere,
581 3007 614 3067 et
629 3001 735 3085 ipsum
750 3001 954 3088 priuilegium
980 3000 1104 3067 domini
1128 2999 1278 3068 Ladinlai
1302 3000 1404 3084 Regis
1418 2997 1461 3060 in·

351 3108 513 3196 nouando,
529 3117 640 3176 nostro
657 3107 1049 3195 dignaromnrprinilegio
1065 3107 1267 3177 confirmare.
1281 3109 1381 3177 Cuius
1397 3105 1460 3190 qni·

350 3217 424 3282 dem
439 3217 606 3304 priuilegij
624 3223 716 3283 tenor
734 3219 812 3285 talis
827 3225 878 3285 est
894 3241 902 3282 :

461 3325 638 3392 ladizlaus
655 3325 719 3392 sib.
737 3331 919 3402 (linerienilt
935 3334 984 3390 lv.
1001 3331 1102 3388 [rasalo
1118 3331 1212 3404 kirtly
1226 3331 1354 3388 latr-ki
1371 3327 1459 3385 otrat-

350 3460 415 3516 nya,
431 3443 507 3514 moly
523 3440 668 3497 olrashatti
685 3441 921 3514 Okmanytarnnk
936 3441 985 3496 1v.
1006 3440 1159 3498 kiteteban
1174 3441 1225 3496 nl.
1241 3439 1274 3509 l.)
1320 3485 1323 3490 .

460 3543 529 3610 Nos
545 3541 645 3626 igitur
660 3545 856 3630 petioionem
883 3542 1041 3608 diotornm
1056 3541 1207 3627 magistri
1231 3541 1329 3608 llaab
1345 3541 1460 3625 Propo·

349 3651 404 3722 siti
420 3658 453 3719 et
468 3651 611 3736 Capituli
635 3651 846 3718 Posonionsis
870 3648 1015 3718 fidolium
1041 3657 1227 3740 nostrornm
1250 3648 1460 3717 consideran·

348 3769 400 3828 tes
416 3759 486 3830 fore
510 3759 689 3844 legitimam
713 3767 747 3825 et
763 3765 1017 3827 consentaneam
1042 3760 1168 3826 raoioni
1191 3765 1225 3825 et
1240 3777 1299 3845 ea,
1326 3777 1390 3843 qne
1405 3775 1460 3844 per

349 3869 457 3956 ipsum
471 3869 636 3935 dominnm
653 3869 775 3950 Regem
785 3867 974 3936 Ladinlaum
987 3869 1168 3954 patruelem
1183 3873 1329 3934 nostrum
1346 3865 1461 3933 intuitu

349 3975 483 4064 pietatis
492 4029 502 4064 ‚
528 3995 567 4042 ao
581 3997 640 4063 pro
657 3977 802 4044 remedio
819 3977 925 4044 anime
945 3997 1076 4044 snorum
1093 3977 1358 4064 progenitorum,
1384 3973 1459 4041 illu-

349 4083 464 4154 strium
479 4083 605 4167 Regum
620 4079 791 4168 Hnngarie
817 4104 857 4151 ao
873 4085 985 4173 ipsius,
1002 4084 1130 4172 prelato
1156 4083 1330 4168 Proposito
1357 4091 1390 4150 ot
1404 4081 1460 4150 (la-

348 4191 452 4277 pitnlo
468 4189 662 4258 Posonionsi
686 4193 766 4258 data
781 4198 815 4258 et
830 4193 953 4262 collata
969 4193 1185 4268 exstiterunt,
1210 4196 1285 4257 rata
1301 4189 1459 4258 habentes

350 4307 383 4367 et
407 4298 632 4366 nichilominus
657 4299 896 4387 approbantes,
937 4300 1117 4384 predictum
1141 4298 1349 4387 priuilegium
1375 4303 1460 4366 inno·

350 4405 459 4474 nando
476 4414 509 4472 et
524 4407 566 4474 de
581 4405 680 4474 uerbo
696 4406 740 4472 ad
755 4408 890 4475 uerbum
906 4409 1115 4493 presentibus
1125 4406 1226 4473 inseri
1242 4405 1406 4491 iaciendo,
1422 4405 1460 4472 de

349 4512 550 4582 Prolatorum
575 4520 607 4579 et
631 4515 795 4584 Beronum
821 4521 1020 4602 nostrornm,
1047 4515 1103 4599 qui
1118 4520 1289 4601 presentes
1313 4515 1457 4598 adorant

349 4623 496 4708 tassilo,
508 4623 656 4690 duximus
667 4621 931 4692 confirmandum.
943 4624 1005 4711 Ita,
1017 4624 1103 4706 quod
1112 4641 1249 4710 presens
1260 4627 1364 4692 nostri
1374 4620 1454 4710 (lgy)
