3072 5168
355 1179 419 1247 ΙΙΙ.
436 1179 543 1244 Eodre
558 1177 665 1266 kirtly
681 1201 702 1244 a
718 1175 895 1246 Gathkeled
909 1178 1126 1268 mauetaepbdl
1149 1179 1224 1245 eald
1238 1173 1383 1244 Lecturd
1395 1175 1473 1242 ba'a

354 1288 419 1354 nat
435 1289 587 1374 dafidoak
604 1286 793 1368 Ldaelduok,
809 1286 868 1354 IV.
886 1287 1001 1354 Laeto
1026 1291 1058 1354 ds
1072 1311 1109 1352 oe
1125 1289 1144 1354 d
1158 1285 1301 1374 idajabelt‘
1315 1283 1473 1351 totonde-

355 1397 417 1464 boo
432 1407 487 1465 tett
502 1399 546 1464 hd
558 1398 833 1486 aaoipdlatat'kert,
859 1421 880 1462 a
895 1399 1023 1466 Sacrana
1038 1401 1125 1464 vicen
1141 1395 1287 1484 Aucupor
1302 1393 1370 1480 (mo
1385 1394 1472 1460 Arn-

354 1505 603 1596 ayca-Medpyar)
621 1506 677 1572 old
694 1508 772 1595 jdod
784 1505 873 1574 aaut
895 1507 1002 1572 rukctt
1017 1505 1157 1594 tajottot
1181 1507 1226 1570 20
1240 1505 1375 1570 kdrdbon
1390 1525 1472 1590 mep-

355 1613 519 1702 cillapitott
533 1614 697 1702 odmjokro
707 1665 716 1699 ,
740 1614 848 1701 melpet
863 1616 930 1702 coep
955 1614 1096 1680 matera
1120 1619 1208 1704 otyju
1225 1611 1289 1678 Pet
1311 1611 1345 1678 V.
1362 1611 1472 1676 latoria

353 1723 542 1813 itiorilytdla
566 1723 658 1788 ateier
682 1721 864 1789 tabanum
888 1722 1005 1788 rectit
1028 1721 1262 1812 azolpdlotoidt
1286 1728 1375 1806 apert
1399 1718 1471 1783 ado

619 1831 784 1918 mdapbun,
801 1835 838 1919 eij
853 1831 1022 1920 adomnnpt
1037 1831 1091 1898 rid.
1116 1832 1211 1898 1292.

453 2025 603 2098 Andreas
614 2029 676 2097 Dei
686 2031 802 2114 gracia
811 2027 990 2116 Hungarie,
1001 2027 1181 2114 Dalmacie,
1193 2027 1340 2106 Groacie,
1350 2023 1469 2108 Rama,
1525 2025 1526 2060 ἒ

354 2140 479 2223 Sernie,
496 2139 645 2224 Gallicis,
663 2135 868 2225 Lodomerie,
885 2139 1051 2226 Comanis,
1070 2139 1290 2227 Buigarieque
1307 2137 1393 2220 Rex,
1406 2155 1471 2200 om·

354 2247 449 2318 nibus
465 2247 588 2318 Christi
604 2246 754 2315 fidelibus
781 2255 965 2334 presentem
985 2249 1142 2336 paginam
1168 2245 1363 2334 inspecturis
1382 2244 1471 2311 saln-

353 2366 418 2426 tem
434 2359 467 2423 in
484 2357 626 2425 omnium
651 2359 829 2426 saluatore.
854 2357 906 2426 Ad
922 2357 1147 2426 vniuersornm
1174 2355 1329 2423 noticiam
1352 2359 1471 2420 tenore

337 2529 339 2536 Α
354 2467 557 2553 presencium
573 2467 723 2534 volumus
740 2467 931 2552 peruenire,
950 2465 1036 2551 qnod
1053 2465 1238 2534 cornardus
1254 2467 1363 2532 Banna
1382 2457 1470 2530 filius

354 2571 489 2642 Comitis
504 2573 598 2641 Pauli
615 2573 657 2640 de
681 2591 802 2666 genere
820 2571 1016 2660 thkeled,
1034 2581 1067 2642 et
1083 2573 1257 2642 Ladisiaus
1283 2571 1366 2668 filins
1387 2572 1468 2648 eius,

354 2683 399 2750 ad
415 2687 559 2749 nostram
576 2681 773 2749 accedentes
790 2683 996 2767 presenciam
1013 2683 1109 2750 nobis
1133 2680 1318 2768 significare
1333 2699 1469 2746 ourane-

352 2795 435 2876 runt,
452 2789 541 2873 qnod
557 2790 708 2858 dominus
724 2787 941 2877 St(ephanus)
959 2791 1195 2860 serenissimus
1212 2793 1281 2858 Rex
1300 2787 1469 2874 Hungarie
1528 2871 1529 2880 ἵ

354 2899 441 2968 clare
457 2899 611 2966 memorie
621 2949 630 2984 ,
657 2919 715 2985 pro
732 2899 907 2983 meritorijs
933 2900 1084 2987 semieijs
1101 2905 1135 2966 et
1151 2897 1365 2967 fidelitatibus
1383 2900 1468 2966 eius-

352 3005 425 3075 dem
442 3005 574 3074 Comitis
590 3005 683 3074 Pauli
699 3007 802 3092 patris
819 3007 921 3095 ipsius
938 3005 1095 3074 Lothardi
1113 3007 1197 3074 Bani
1213 3006 1319 3074 eidem
1335 3004 1468 3072 domino

352 3113 519 3200 Stephano
544 3115 628 3200 Regi
644 3117 678 3182 in
705 3116 853 3184 omnibus
870 3116 1140 3204 expedicionibus
1165 3117 1272 3200 Regni
1287 3126 1354 3183 tam
1370 3135 1468 3200 gene

352 3223 593 3307 talibusquam
609 3225 881 3310 particularibus,
899 3233 932 3290 et
948 3225 1143 3312 specialiter
1160 3245 1199 3293 eo
1214 3231 1369 3312 tempore,
1395 3245 1467 3291 cum

352 3330 502 3400 homines
527 3351 585 3400 sen
610 3331 778 3418 regnicole
804 3335 950 3402 Ducatus
986 3335 1116 3422 Styrie,
1144 3341 1220 3400 tunc
1245 3333 1402 3416 temporis
1427 3331 1466 3398 nd

352 3439 459 3525 ipsum
486 3442 650 3508 dominum
677 3442 799 3528 Regem
827 3443 1033 3530 Stephanum
1059 3443 1260 3529 pertinentes
1285 3443 1328 3510 ab
1353 3441 1465 3510 eodem

354 3547 485 3617 domino
500 3549 670 3638 Stephano
687 3551 778 3635 Rege
795 3553 942 3637 peruersi
957 3553 990 3618 in
1007 3551 1180 3638 perfidiam
1197 3571 1232 3618 se
1249 3555 1463 3632 retraxerant,

351 3655 384 3722 in
399 3655 550 3726 conflictu
567 3665 682 3726 contra
698 3659 830 3727 eoadem
855 3660 1002 3730 homines
1018 3661 1152 3750 Styrie,
1181 3680 1241 3746 per
1259 3665 1464 3726 memoratum

351 3763 550 3852 Stephanum
565 3769 686 3854 Regem
702 3769 826 3854 habito,
844 3770 899 3838 vbi
910 3770 1123 3837 Lodomerins
1144 3769 1232 3836 filius
1245 3767 1380 3856 Mayad,
1396 3785 1462 3833 con-

351 3876 550 3960 sanguineus
576 3877 741 3964 ipsorum,
767 3885 799 3946 et
816 3881 900 3947 alter
915 3887 1077 3966 cognatus
1104 3898 1218 3945 eornm
1239 3877 1370 3944 nomine
1385 3878 1462 3942 Lau·

350 3983 481 4052 rencius
498 3985 539 4054 de
556 3987 688 4056 Pardan
698 4038 707 4073 ,
735 4007 775 4054 ac
792 3989 1004 4075 septuaginta
1026 3989 1212 4055 seruientes
1239 3983 1390 4052 eiusdem
1407 3981 1460 4048 (io-

351 4094 438 4160 mitis
455 4095 547 4161 Pauli
572 4097 748 4165 extiterant
764 4098 963 4184 interempti,
980 4104 1012 4166 et
1028 4098 1114 4165 idem
1130 4097 1249 4164 Comes
1275 4093 1395 4162 Paulus
1417 4090 1433 4157 f
1450 4126 1458 4136 ·

352 4209 424 4270 erat
450 4203 654 4290 nuptiantes,
680 4211 713 4270 et
737 4205 862 4274 tamdiu
889 4206 922 4272 in
948 4205 1139 4292 captiuitatc
1164 4204 1337 4289 detentus,
1362 4203 1458 4270 donec

353 4310 494 4392 quadam
519 4315 732 4398 possessione
758 4333 819 4380 sua
835 4315 959 4402 Mayad
985 4322 1125 4399 vocata,
1151 4333 1212 4398 pro
1239 4309 1457 4395 redempcione

353 4435 491 4503 persone
507 4439 565 4487 aue
581 4421 725 4508 vendita,
742 4421 859 4488 inisset
875 4422 1051 4510 liberatus;
1076 4419 1262 4488 huiuamodi
1288 4425 1457 4504 prouentus

352 4523 385 4590 in
401 4526 522 4594 tributo
539 4530 769 4613 prouenientea
787 4529 993 4616 ordinasset,
1011 4529 1171 4610 dedisset,
1190 4536 1224 4594 et
1240 4529 1345 4596 eciam
1361 4535 1459 4592 contu·

352 4631 446 4700 liaset
461 4655 521 4702 suo
538 4637 710 4724 priuilegio
728 4637 913 4725 mediante,
931 4646 965 4707 vt
981 4640 1013 4706 in
1029 4637 1127 4708 fluuio
1147 4639 1281 4726 Zomus,
1299 4638 1341 4705 de
1358 4635 1456 4721 quali·
