3144 5180
622 1013 677 1082 ro.

86 1212 116 1274 A
131 1207 267 1274 adversio
282 1231 320 1274 aa
336 1209 492 1296 osztdlyca
498 1209 678 1295 fiodrclrlccl,
695 1211 853 1288 valedicat,
869 1233 952 1298 capy
968 1209 1043 1274 caulo
1049 1208 1155 1297 fidpat
1169 1209 1207 1276 il·
1325 1292 1327 1295 Ι

88 1317 147 1384 leid
153 1315 310 1403 jdazdpolc
325 1315 482 1381 dedirtokc'
489 1319 588 1404 jopolc
603 1319 700 1402 ierint,
718 1340 756 1382 az
766 1319 947 1406 admoueri
961 1315 1117 1404 kdptaloc
1126 1319 1208 1402 atde,

285 1423 438 1512 orzldlyos
454 1429 611 1515 cpycsdpre
627 1425 744 1515 lepaclc.
765 1427 859 1492 1290.
869 1431 943 1514 jac.
959 1428 1013 1490 30.

197 1618 397 1708 (Vlniuersis
413 1629 588 1708 presentes
598 1623 725 1691 litteras
742 1625 941 1712 inspecturis
952 1623 1139 1710 dapitulum
1148 1625 1209 1691 lde·

90 1732 193 1800 clesie
209 1729 443 1817 strigoniensis
461 1733 600 1800 salutem
616 1734 649 1800 in
664 1734 804 1802 Domino
820 1735 1058 1820 sempiternam.
1075 1731 1127 1799 Ad
1137 1735 1210 1799 vni·

90 1859 258 1909 uersurum
286 1841 441 1907 noticiam
478 1847 591 1909 tenore
628 1845 832 1928 presencium
859 1844 1003 1909 columns
1027 1841 1209 1927 peruenire,

87 1949 176 2034 quod
192 1949 330 2016 honesta
346 1953 498 2018 mamona
513 1947 644 2016 domina
660 1949 855 2039 Elysabetlr‚
872 1949 988 2016 relicta
998 1948 1133 2016 Comitis
1150 1949 1210 2018 Pe·
1236 2002 1239 2008 .

88 2058 130 2124 tri
145 2057 208 2142 filij
225 2059 359 2144 Mykow
368 2108 377 2142 ,
394 2057 464 2126 filia
480 2057 611 2127 Androe
629 2059 762 2128 Comitis
779 2061 822 2128 de
837 2058 1034 2147 Wygmand,
1059 2079 1124 2125 vna
1141 2077 1212 2126 cum

87 2165 225 2234 domina
250 2162 381 2246 Ketia,
417 2167 533 2232 relicta
558 2165 681 2232 nobilis
718 2168 779 2236 viri
805 2167 941 2236 Comitis
967 2165 1126 2252 Demetrij
1152 2163 1212 2250 filij

87 2273 214 2359 Hunth,
234 2273 362 2341 scilicet
376 2273 445 2340 filla
460 2294 520 2341 sca
536 2277 678 2360 maiore,
703 2296 762 2360 pro
778 2295 814 2344 se
830 2283 863 2342 et
882 2295 941 2361 pro
957 2275 1091 2343 domina
1104 2276 1211 2358 Anna,

89 2389 246 2451 consorte
263 2382 397 2449 Comitis
414 2383 584 2468 Lamperti
600 2383 658 2471 filij
677 2385 838 2472 Oanmerij
864 2383 936 2452 dlia
951 2403 1014 2451 sua
1029 2385 1153 2452 iuniore
1169 2383 1211 2452 ab

87 2511 155 2558 una
171 2499 286 2578 parte;
303 2499 338 2558 et
353 2493 470 2559 Oomcs
487 2491 590 2578 Byter
606 2493 695 2560 ilius
713 2494 860 2560 eiusdem
872 2491 1036 2579 Mykonis,
1054 2493 1212 2577 magister

87 2597 278 2669 Demetrius
302 2596 388 2665 filius
411 2599 552 2685 Nycolai
578 2600 707 2666 nominc
733 2619 811 2684 suo,
839 2609 871 2667 et
895 2601 967 2668 vice
991 2599 1133 2667 Milonis
1153 2597 1211 2684 dlii

87 2708 226 2785 Detrici
244 2708 352 2777 fratris
369 2727 489 2791 sorum,
507 2709 550 2775 ab
567 2711 684 2795 altera
703 2709 747 2776 ad
762 2715 908 2778 nostram
923 2711 1128 2794 presenciam
1140 2727 1211 2794 per-

87 2820 255 2888 sonaliter
270 2818 487 2902 accedentes,
505 2837 603 2906 super
617 2816 773 2906 inimicijs
791 2826 823 2886 et
838 2805 1030 2905 discordljs,¹
1052 2839 1114 2904 que
1129 2818 1214 2882 inter

86 2931 179 3014 ipsos
212 2927 348 2996 racione
382 2930 627 3011 possessionum
660 2927 881 3014 empticiamm
913 2935 946 2995 st
979 2927 1214 3011 acquisitarum

88 3035 241 3104 eiusdem
259 3035 398 3106 comitis
415 3037 522 3125 Petri,
536 3037 570 3104 et'
587 3036 688 3106 castri
704 3038 755 3105 sui
770 3037 945 3125 Keyklrew
959 3037 1069 3106 uocati
1085 3039 1216 3104 fuerant

87 3144 261 3226 suscitate,
278 3151 354 3232 post
370 3145 489 3210 multas
506 3145 746 3212 altercaciones
770 3145 902 3213 habitas
917 3145 1001 3211 inter
1016 3151 1138 3229 parles,
1156 3162 1215 3228 per

89 3253 304 3322 amicabilem
321 3253 598 3338 composicionem
614 3253 771 3320 bonorum
789 3271 899 3320 eornm
909 3302 919 3336 ‚
945 3271 981 3317 se
998 3251 1153 3318 dixerunt
1169 3257 1217 3316 ta·

88 3365 171 3430 liter
196 3362 415 3428 concordasse
432 3383 440 3424 :
457 3361 550 3440 Quod
578 3361 694 3428 eadem
720 3363 852 3428 domina
872 3359 1072 3450 lllysabeth,
1099 3359 1215 3426 relicta

89 3472 234 3541 Comitis
249 3469 338 3536 Petri
354 3469 466 3536 fratris
490 3490 619 3554 eornm,
636 3477 669 3536 et
685 3469 747 3537 due
773 3469 839 3538 filie
856 3491 923 3554 suc,
950 3470 1079 3536 domine
1100 3465 1215 3536 Katha

87 3589 123 3646 et
139 3581 241 3645 Anna
266 3563 425 3664 predicte,¹
438 3579 667 3665 possessiones
694 3577 865 3663 empticius
883 3584 916 3645 et
930 3575 1110 3662 acquisitas
1126 3575 1215 3644 eius-

87 3689 167 3756 dem
185 3687 325 3757 Comitis
350 3687 458 3770 Petri,
487 3687 562 3754 Secl
586 3677 759 3771 videlicet3
784 3685 939 3754 Dorchan
951 3737 961 3772 ‚
989 3694 1021 3754 et
1045 3693 1216 3768 utramque

87 3797 210 3864 villam
228 3791 339 3862 Olwar
349 3845 359 3880 ‚
386 3813 515 3862 necnon
539 3801 683 3861 castrum
709 3791 868 3881 Koylsltw
883 3793 1126 3880 supradictum,
1144 3814 1214 3861 curn

89 3904 204 3973 vineis
222 3910 255 3970 et
272 3903 363 3971 siluis
380 3901 424 3971 ad
448 3903 554 3986 ipsum
572 3909 715 3969 castrum
741 3901 981 3986 pertinentibus
991 3953 1000 3989 ,
1026 3921 1089 3986 quc
1106 3903 1217 3971 omnia

88 4023 123 4081 et
151 4013 288 4097 singula
312 4011 544 4097 premissorum
569 4011 657 4078 idem
683 4011 801 4078 Comes
825 4011 940 4078 Petrus
966 4009 1075 4078 adhuc
1099 4013 1215 4081 uiuens

87 4123 164 4192 suis
182 4121 283 4189 rebus
294 4125 327 4187 et
343 4121 498 4206 expensis
512 4119 692 4189 dinoscitur
703 4137 923 4208 comparasse,
940 4121 1113 4188 etdomr'ne
1124 4123 1217 4189 uxori

89 4241 125 4299 et
140 4229 278 4297 filiabus
294 4229 362 4297 suis
387 4228 527 4314 prelatis
538 4278 547 4312 ,
575 4227 617 4295 dc
633 4227 785 4312 lyconcia
800 4229 925 4315 Regia,
951 4227 1055 4318 ipsius
1081 4231 1218 4299 Comitis

88 4340 190 4408 Petri
206 4337 358 4421 seruiciJs
373 4337 608 4419 consideratis,
635 4341 790 4422 optenta,
808 4357 878 4405 cum
895 4337 1068 4424 priuilegio
1094 4337 1218 4406 domini

89 4446 269 4531 Lndislai,
286 4446 349 4514 Dei
365 4443 478 4532 gracia
504 4445 645 4512 illustris
670 4445 772 4530 Regis
797 4447 986 4531 Hungaric‚
1012 4447 1117 4513 eciam
1143 4449 1217 4515 reli·

89 4557 233 4643 quisse,
249 4555 337 4640 quod
363 4555 494 4638 quidem
519 4554 726 4639 priuilegium
752 4575 813 4623 nos
830 4555 895 4622 tide
911 4555 1056 4651 vidimus!
1077 4557 1215 4638 oculata,

90 4669 183 4756 ipsis
199 4665 320 4734 comiti
337 4665 445 4749 Bytsr,
463 4665 621 4747 magistro
636 4665 823 4750 Demetrio,
848 4684 887 4731 ac
903 4665 1040 4750 Myroni
1056 4673 1089 4730 et
1105 4681 1215 4730 eornm
