3130 5158
371 1197 539 1286 Alibaayi
563 1197 698 1262 kocoent
721 1195 1000 1284 bizouyedpleocle,
1024 1197 1103 1286 bopy
1118 1197 1236 1282 Bonas,
1254 1175 1393 1288 dqortoa
1411 1225 1489 1268 cerz-

365 1311 470 1399 prdms'
479 1305 624 1372 konorrcls
640 1307 776 1400 testvdre,
787 1305 981 1372 Maecenat
990 1308 1159 1391 omzprdmc'
1168 1308 1487 1396 praebendarium

370 1419 402 1483 ta
416 1413 606 1482 minabat
629 1413 796 1480 Joeoanak
817 1411 977 1498 Vesrprdm
993 1414 1151 1478 odroedarr'
1174 1415 1241 1480 lc'od
1254 1418 1348 1482 torm
1370 1416 1486 1482 dedra.

883 1522 979 1586 1293.

478 1723 596 1790 haber
610 1717 801 1808 Reynoldus
818 1715 939 1784 Dinina
954 1719 1168 1786 miseracione
1192 1719 1306 1786 Abbas
1320 1721 1485 1788 Monaste-

370 1831 411 1918 rij
429 1831 526 1898 Beati
542 1829 664 1897 Auiani
689 1827 731 1895 de
747 1824 908 1893 Tbicouio
924 1833 957 1892 et
972 1825 1160 1894 conuentus
1176 1826 1239 1894 loci
1256 1829 1406 1894 eiusdem
1422 1849 1480 1894 om·

371 1937 468 2008 nibus
484 1938 603 2006 Christi
627 1935 779 2004 fidelibus
797 1953 932 2021 presens
951 1935 1106 2021 scriptum
1130 1935 1331 2003 intuentibus
1348 1939 1484 2006 sulutem

372 2049 406 2114 in
422 2047 563 2114 Domino
579 2046 822 2131 sempiternum.
847 2042 1029 2130 Quoniam,
1049 2047 1084 2108 nt
1109 2043 1157 2110 eit
1179 2047 1330 2130 sapiens,
1356 2052 1482 2131 tempus

372 2175 461 2224 more
486 2151 561 2236 flwij
589 2171 684 2220 cursu
708 2152 850 2218 volvitur
874 2148 1040 2226 instabili,
1075 2149 1157 2218 adeo
1182 2158 1277 2217 cante
1305 2152 1479 2220 discretum

376 2271 437 2340 est,
454 2269 489 2328 nt
505 2281 556 2348 es,
571 2279 635 2346 que
651 2260 898 2326 racionabiliter
913 2265 1077 2344 geruntur,
1102 2259 1281 2328 litterarum
1297 2260 1480 2328 testimonio

374 2373 529 2438 memorie
540 2367 812 2436 commendentur.
824 2366 966 2436 Proinde
976 2367 1020 2434 sd
1031 2367 1253 2436 uniuersorum
1264 2371 1418 2438 noticiam
1427 2369 1479 2434 bu·

378 2497 447 2543 rum
473 2477 559 2544 serie
582 2476 730 2545 volumus
754 2475 949 2559 pervenire:
975 2473 1061 2557 quod
1077 2474 1201 2550 Boucb,
1227 2474 1328 2542 frater
1353 2476 1480 2545 discreti

374 2585 437 2654 viri
463 2585 614 2670 magistri
630 2582 801 2670 Augustini
819 2584 975 2652 (lenonioi
996 2582 1142 2649 Ecclesic
1158 2581 1424 2669 wesprimiensis
1440 2589 1479 2654 ab

376 2713 443 2760 nna
458 2699 572 2782 parte,
599 2699 633 2760 ct
649 2693 806 2778 magister
823 2692 984 2758 Martinus
999 2689 1235 2779 prebendarius
1255 2694 1401 2779 predicte
1417 2699 1477 2764 Ec-

373 2803 472 2870 clesie
488 2800 753 2888 Wesprimicnsis
771 2808 803 2866 et
828 2800 996 2867 lohannes
1014 2799 1114 2866 trater
1141 2819 1217 2867 suus
1238 2801 1281 2866 ob
1306 2805 1422 2888 altera,
1445 2807 1476 2870 iu

374 2909 476 2977 nostri
492 2909 710 2995 personaliter
735 2907 906 2994 presencia
923 2904 1110 2991 constituti,
1138 2906 1224 2972 idem
1248 2907 1360 2975 Bonob
1386 2929 1477 2994 quau·

376 3018 452 3086 dam
468 3017 647 3086 sessionem
673 3035 767 3084 suem
790 3011 979 3101 Wesprimii
1004 3013 1192 3083 submonte
1219 3015 1369 3084 Ecclesie
1392 3018 1479 3086 Beati

375 3127 506 3196 Nicolni
523 3125 725 3193 Conlessoris
754 3125 966 3208 existentem,
985 3125 1037 3190 oui
1054 3145 1075 3192 a
1090 3131 1187 3210 perte
1203 3124 1336 3193 orientis
1358 3128 1476 3196 riuulus

373 3235 407 3300 in
423 3233 488 3300 tine
504 3233 661 3302 sessionis
677 3234 719 3300 de
735 3231 826 3299 fonte
842 3231 1033 3299 Kamaknta
1050 3233 1164 3299 exieus
1181 3231 1336 3320 decurrit,
1351 3253 1373 3300 a
1390 3244 1474 3321 perte

344 3418 347 3424 ,
375 3361 453 3411 vero
480 3341 642 3426 aquilonis
667 3347 700 3406 ct
724 3338 902 3408 occidentis
926 3341 1092 3408 sessiones
1116 3339 1244 3407 Nicolai
1268 3339 1326 3427 filij
1352 3343 1476 3429 blatbie,

376 3457 408 3517 et
425 3447 576 3536 Gregorlj
593 3447 652 3534 fllij
669 3449 847 3536 Domnyka
856 3496 866 3531 ‚
892 3469 931 3515 ao
950 3447 1093 3530 Buhous,
1108 3449 1322 3534 jobagionnn
1347 3454 1475 3521 bonora-

375 3558 454 3626 bilis
471 3559 612 3644 capituti
628 3556 775 3644 ejusdem
792 3557 941 3624 Ecclesie
958 3556 1226 3644 wesprimiensis
1244 3559 1442 3646 vicinantur,
1457 3584 1476 3628 a

377 3665 581 3736 meridionali
597 3673 705 3732 autem
721 3671 815 3752 parte
830 3665 885 3732 vin
898 3665 1040 3751 publica,
1057 3665 1171 3748 quode
1188 3666 1330 3734 Ciuitate
1343 3669 1477 3756 Wespri-

377 3773 492 3842 miensi
509 3773 602 3840 vadit
618 3771 651 3836 in
667 3771 794 3856 Byligo,
822 3791 882 3857 pro
899 3771 1083 3855 quindecim
1107 3774 1218 3859 pensis
1235 3775 1373 3845 latorum
1389 3777 1477 3846 denu-

376 3883 497 3951 riorum
515 3877 758 3947 Wiennensinm
775 3879 871 3967 plene
891 3879 1013 3946 habitis
1030 3887 1062 3944 et
1080 3883 1224 3966 receptis
1249 3904 1358 3952 coram
1380 3887 1474 3974 uobis,

376 3993 419 4057 ab
436 3987 560 4058 eisdem
585 3987 741 4072 magistro
757 3989 897 4056 Martino
914 3995 947 4056 et
969 3987 1120 4057 Johenne
1147 3990 1321 4060 consessus
1345 4003 1395 4060 est
1408 4013 1475 4062 rcu-

379 4096 501 4166 didisse
525 4103 681 4183 perpetuo
706 4101 738 4163 et
762 4097 1019 4165 irrevocabiliter
1043 4099 1199 4184 predictis
1222 4101 1380 4186 magistro
1401 4102 1475 4170 llar-

376 4207 446 4273 tino
461 4211 495 4271 et
510 4205 652 4273 lohanni
668 4205 761 4272 fratri
786 4223 845 4272 suo
862 4205 1099 4290 possidendam
1121 4209 1298 4276 tenendum
1315 4216 1348 4276 et
1363 4209 1473 4276 boben-

377 4313 474 4395 dam,
499 4315 532 4378 in
549 4311 635 4380 tilios
652 4312 791 4379 filiorum
817 4313 897 4380 dicti
913 4313 1076 4382 lobannis
1092 4315 1295 4384 etheredum
1312 4337 1371 4406 per
1394 4317 1473 4386 berc

378 4419 456 4504 dcs3
493 4419 689 4488 assumendo
714 4427 747 4487 et
771 4420 949 4504 obligando
975 4443 1012 4491 se
1036 4423 1122 4492 idem
1144 4425 1256 4492 Bouob
1283 4433 1316 4491 et
1340 4425 1475 4513 ejusdem

376 4527 515 4594 heredes
542 4528 761 4612 heredumque
786 4548 914 4598 suorum
945 4551 1153 4604 successores
1181 4553 1339 4620 processu
1364 4543 1474 4622 tempo·

378 4637 423 4705 ris
447 4637 577 4707 racione
593 4636 681 4706 dicte
701 4637 861 4708 sessionis
876 4639 1055 4724 prelibatos
1071 4642 1298 4730 magigistrum
1313 4645 1473 4714 llartiuum
