3144 5180
382 1159 405 1223 Ι
408 1159 443 1224 V.
460 1161 577 1226 Milton
587 1165 680 1248 pcipe
695 1185 716 1226 a
735 1161 914 1227 Bosznu'dba
928 1163 1042 1228 indulo'
1063 1163 1353 1252 lbinqcbisorobat
1370 1163 1494 1230 Milctr'n
1538 1169 1539 1214 l

456 1267 535 1334 Uros
547 1271 656 1334 Iatoda
670 1271 805 1336 szcrbict'
814 1271 923 1359 birolp
935 1270 1169 1358 partfopcisctbu
1185 1275 1323 1361 ojdnlja.
1339 1274 1438 1338 1291.

489 1487 646 1556 Nicolans
671 1487 856 1577 Episcopus
880 1509 994 1558 seruus
1010 1508 1178 1560 seruorum
1196 1491 1259 1559 Dei
1281 1489 1495 1559 carissimoin

382 1593 511 1663 Christo
528 1594 594 1664 filio
612 1597 645 1678 S.
663 1597 746 1682 Regi
770 1597 884 1666 Servie
901 1599 1040 1666 salutern
1066 1605 1099 1664 et
1117 1601 1341 1684 Apostolicam
1367 1597 1494 1665 benedi-

380 1705 531 1782 ctionem,
551 1703 712 1784 Quoniam
731 1707 814 1774 inter
830 1713 940 1775 cetera
965 1705 1083 1773 mentis
1100 1715 1221 1796 nostre,
1235 1707 1403 1775 desideria
1422 1705 1494 1773 illud

382 1813 501 1882 insidet
526 1814 730 1899 potissimum
757 1815 851 1882 cordi
876 1821 1007 1900 nostro,
1033 1821 1067 1882 nt
1084 1814 1169 1885 fides
1195 1817 1386 1899 catholica,
1405 1833 1495 1900 quan

381 1930 481 2006 tenet,
496 1923 669 2008 profitetur
685 1931 718 1991 et
735 1925 834 1992 docet
850 1923 1071 1992 Sacrosancta
1090 1925 1239 1992 Romana
1254 1925 1418 2010 Ecclesia,
1436 1942 1493 1988 ma·

380 2035 430 2097 ter
444 2032 670 2100 uniuersorum
686 2031 832 2098 fidelium
849 2039 882 2098 et
898 2031 1067 2117 magistra,
1088 2031 1234 2099 votivum
1260 2039 1293 2099 et
1309 2032 1380 2096 Deo
1409 2049 1493 2098 acce·

380 2145 470 2226 ptum
487 2139 655 2227 suscipiat,
665 2160 704 2208 eo
721 2139 873 2226 propitio,
888 2141 1009 2208 nostris
1026 2141 1228 2226 temporibus
1246 2141 1492 2221 incrementum

381 2245 499 2331 grandi
514 2248 665 2314 nimirum
676 2249 876 2314 exultatione
886 2247 1120 2334 perfundimur,
1136 2269 1208 2316 cnm
1219 2249 1264 2316 ad
1274 2256 1420 2315 nostrum
1430 2268 1492 2332 per·

380 2353 492 2421 venire
509 2357 669 2441 contingit
685 2355 842 2441 auditum,
853 2356 939 2441 quod
950 2357 1063 2424 mnndi
1079 2359 1190 2443 Reges
1206 2365 1238 2422 et
1254 2357 1422 2444 Principes
1438 2359 1492 2422 Re·
1538 2429 1539 2432 Ἴ

382 2463 434 2548 gis
450 2465 562 2548 eterni,
580 2464 672 2532 onius
698 2466 866 2548 negotium
882 2467 1007 2550 geritur
1030 2467 1244 2552 principalius
1262 2465 1295 2532 in
1311 2465 1373 2532 hac
1394 2475 1491 2552 parte,

379 2591 415 2640 se
431 2571 644 2660 beneplacitis
658 2579 852 2661 coaptantes
864 2575 908 2643 ad
923 2575 1145 2659 ampliandum
1164 2577 1286 2642 cultum
1301 2573 1377 2640 fidei
1394 2575 1493 2642 ortbo·

379 2677 465 2748 doxe
480 2681 716 2767 magnitudinis
731 2701 789 2749 sne
806 2685 893 2751 colla
908 2682 1090 2765 subiciunt,
1115 2691 1149 2752 ct
1168 2681 1423 2752 ascendentibus
1453 2701 1487 2748 er

379 2788 519 2856 aduerso
538 2791 658 2857 virtute
674 2791 799 2859 inducti
815 2811 856 2859 ex
872 2793 939 2858 alto
948 2801 1107 2880 prompte,
1125 2791 1266 2862 sollicite
1281 2789 1428 2860 studiose
1443 2811 1491 2876 op-

378 2906 511 2980 ponunt.
529 2898 617 2964 Sane
633 2916 707 2967 cum
723 2905 777 2984 tn,
794 2899 840 2966 fili
856 2899 1047 2980 carissime,
1064 2901 1134 2967 zelo
1155 2899 1231 2966 fidei
1248 2917 1288 2966 ae
1313 2895 1490 2967 deuotionis

379 3013 545 3072 aecensus
557 3023 615 3088 per
631 3005 786 3072 dilectum
801 3007 902 3074 filium
919 3006 1079 3075 Marinum
1095 3005 1384 3093 Arcbiepiscopnm
1410 3005 1490 3074 Anti·

378 3113 562 3190 barensem,
578 3121 633 3181 tue
657 3113 870 3181 celsitudinis
886 3113 1062 3199 Nuntium,
1089 3115 1298 3200 Apostolatni
1313 3121 1425 3182 nostro
1442 3113 1490 3179 du-

376 3225 463 3290 xeris
480 3222 642 3289 humiliter
652 3221 910 3310 supplicandum,
922 3223 1010 3308 quod
1020 3241 1093 3289 oum
1104 3223 1137 3288 in
1153 3223 1301 3308 partibus
1317 3225 1429 3291 Bosne
1443 3231 1489 3288 tue

379 3329 494 3398 ditioni
510 3329 667 3401 subiectis
685 3331 751 3398 sint
767 3349 864 3416 quarn
880 3332 1011 3418 plurimi
1027 3331 1175 3399 heretica
1191 3332 1356 3416 pravitate
1372 3331 1485 3413 infecti,

378 3439 432 3522 qui
447 3460 469 3506 a
485 3437 602 3506 semita
618 3437 766 3506 veritatis
791 3437 923 3507 adversi
938 3458 997 3525 per
1020 3439 1176 3506 falsitatis
1192 3439 1326 3507 devium
1341 3439 1488 3525 dampna·

377 3547 484 3615 biliter
508 3549 718 3622 oberrantes,
742 3549 776 3613 in
792 3549 897 3616 eterni
922 3547 1022 3632 Regis
1048 3555 1289 3634 contemptum,
1314 3547 1486 3616 animarum

377 3675 507 3724 suarum
523 3655 659 3723 euidens
683 3655 862 3742 periculum
880 3661 913 3722 et
938 3657 1152 3742 scandalum,
1169 3654 1267 3723 fidem
1287 3655 1485 3727 Oatbolican

377 3763 561 3850 depravare
577 3761 764 3850 pernitiosis
781 3781 839 3831 seu
855 3763 1020 3850 pestiferis
1038 3765 1107 3832 suis
1125 3765 1363 3834 assertionibus
1388 3763 1486 3832 multi·

375 3873 504 3959 pliciter
527 3872 721 3956 moliuntur,
738 3871 866 3956 aliquas
886 3889 1046 3954 personas
1061 3871 1213 3960 ydoneas
1238 3873 1384 3959 regionis
1405 3873 1485 3940 illins

375 3982 553 4068 ydiomatis
569 4001 633 4048 non
649 3980 794 4067 ignaras,
812 3999 951 4065 quarum
970 3982 1178 4050 conversatio
1195 4001 1267 4050 cum
1286 3983 1424 4052 salutari
1440 4004 1484 4048 co·

375 4111 446 4158 rnm
463 4091 611 4160 doctrina
620 4091 832 4172 concordans,
842 4089 1042 4158 intuentibus
1053 4109 1201 4160 normam
1215 4091 1356 4159 honeste
1365 4087 1486 4160 visendi

375 4199 510 4284 tribuat,
528 4207 561 4268 et
579 4201 764 4287 exemplum
788 4197 925 4284 prebeat
940 4199 1112 4286 puritatis,
1129 4199 1259 4268 mittere
1285 4200 1485 4287 dignaremur

376 4307 421 4374 ad
435 4314 546 4395 partes
563 4309 718 4392 easdem;
743 4315 778 4374 nt
793 4305 979 4374 huiusmodi
1003 4307 1123 4374 erroris
1150 4307 1323 4376 eliminata
1341 4307 1483 4394 caligine,

376 4417 555 4484 ministerio
572 4417 746 4484 eorundem
763 4414 968 4484 habitatores
988 4415 1118 4484 illarum
1135 4416 1277 4503 partium
1297 4418 1342 4484 ad
1358 4417 1485 4502 agnitio·

374 4546 448 4594 nem
463 4544 540 4594 uere
555 4523 649 4608 fidei,
675 4525 807 4611 superni
821 4525 952 4614 luminis
968 4523 1151 4593 irradiante
1175 4523 1294 4611 gratia,
1316 4525 1483 4593 salubriter

373 4633 587 4719 reducantur;
604 4642 692 4702 tuum
716 4634 856 4701 offerens
873 4633 1042 4704 consilium
1068 4641 1102 4702 et
1118 4636 1276 4704 auxilium
1291 4636 1337 4704 ad
1351 4650 1481 4703 errorem
