3144 5180
666 319 687 384 5

600 412 757 424 ----—-·---u

125 519 330 594 habentibus,
346 535 461 582 munus
476 512 731 584 consecrationis
752 514 935 600 impendas,
953 524 1143 602 recepturus
1153 529 1241 605 post·

126 627 254 694 modum
271 625 314 690 ab
331 625 446 692 eodem
472 632 586 692 nostro
603 631 634 687 et
651 623 801 690 Ecclesie
825 625 972 694 Romane
998 627 1126 693 nomine
1142 627 1240 694 fideli·

120 735 195 804 tatis
210 734 306 802 solito
317 735 533 800 iuramentum
550 733 610 798 sub
628 732 742 814 forma,
762 751 861 814 quam
880 733 938 801 tibi
951 734 1011 800 sub
1028 734 1117 801 bulla
1127 741 1240 805 nostra

119 843 290 930 dirigimus
306 843 480 924 inclusam,
497 840 624 924 sibique
640 841 746 909 facias
763 862 821 927 per
841 849 892 924 te,
913 843 963 910 vel
981 863 1039 929 per
1054 843 1164 928 alium,
1181 865 1238 912 seu

117 953 200 1018 alios
216 975 237 1018 a
252 953 321 1018 suis
337 951 478 1018 subditis
495 949 636 1018 debitam
664 949 889 1017 obedientiam
906 959 939 1017 et
954 955 1171 1022 reverentiam
1187 973 1240 1020 ex·

116 1057 230 1128 biberi.
249 1059 515 1129 Contradictores
533 1064 593 1124 eto.
610 1057 730 1124 Forma
749 1080 828 1126 vero
845 1057 1038 1141 iuramenti,
1061 1061 1150 1144 quod
1166 1063 1239 1147 ipse

115 1168 296 1256 prestabit,
321 1167 416 1236 nobis
433 1187 492 1251 per
506 1173 582 1234 tuas
598 1171 631 1231 et
647 1165 718 1233 eius
734 1173 889 1252 patentes
913 1169 1041 1238 litteras
1056 1189 1115 1236 suo
1132 1171 1240 1258 sigillo

116 1280 265 1366 signatas
280 1294 341 1359 per
358 1275 525 1360 proprium
551 1274 697 1342 nuntium
715 1275 909 1356 quantotius
935 1276 1100 1345 destinare
1124 1299 1238 1364 procu·
1334 1343 1336 1347 Α

115 1405 180 1455 ros.
204 1387 278 1452 Non
295 1384 469 1463 obstante,
494 1383 523 1448 si
539 1382 705 1465 aliquibus
721 1403 742 1448 a
758 1382 847 1450 Sede
864 1383 1060 1469 Apostolica
1074 1387 1119 1454 sit
1133 1386 1239 1456 indul·

112 1503 190 1577 tum,
216 1492 304 1576 quod
318 1489 487 1578 interdici,
514 1490 687 1578 suspendi,
713 1493 767 1558 vel
785 1494 1061 1560 excommunicari
1084 1515 1148 1564 non
1165 1516 1238 1583 pos-

113 1604 182 1671 sint
197 1621 258 1688 per
272 1600 401 1668 litteras
418 1597 506 1666 dicte
522 1599 620 1666 Sedis
636 1621 701 1666 non
718 1599 881 1668 facientes
907 1602 1039 1684 plenam
1058 1610 1090 1668 ot
1107 1623 1239 1692 expres·

112 1731 195 1792 sam,
213 1709 308 1778 code
334 1709 435 1776 verbo
460 1707 503 1778 ad
528 1709 661 1776 verbum
682 1707 723 1775 de
740 1705 866 1775 indulto
891 1708 1077 1781 huiusmodi
1101 1714 1237 1783 mentic-

110 1843 201 1889 nem.
218 1821 343 1889 Datum
360 1819 449 1904 apud
464 1818 749 1889 Urbem-Veterem
776 1815 933 1885 kalendis
958 1818 1094 1900 Augusti
1115 1815 1238 1904 (Ponti-

114 1930 234 1999 ficatus
251 1924 370 2014 nostri)
388 1947 474 1994 anno
490 1929 596 1993 tertio.

220 2055 342 2126 Forma
357 2056 555 2124 iuramenti:
579 2057 674 2144 Ego.
693 2103 701 2119 .
720 2108 727 2122 .
745 2057 787 2122 ab
805 2055 869 2121 bac
894 2053 977 2125 bora
996 2055 1129 2124 inantea
1150 2055 1237 2123 fide-

108 2167 151 2233 lis
179 2173 213 2230 et
244 2164 402 2233 obediens
421 2185 477 2232 oro
502 2166 607 2231 Beato
633 2165 728 2230 Petro
747 2165 945 2248 Sancteque
961 2163 1151 2248 Apostolice
1176 2165 1237 2234 Ro-

110 2293 211 2342 mane
228 2273 385 2355 Ecclesia,
404 2279 438 2340 et
454 2271 584 2341 domino
595 2293 667 2341 meo
679 2273 768 2358 Papo
783 2270 941 2355 Nicolao,
959 2273 1093 2356 suisque
1109 2289 1237 2342 succes·

109 2381 243 2450 soribus
261 2383 420 2450 canonice
446 2382 644 2450 intrantibus
661 2387 722 2450 ctc.
739 2379 824 2448 utin
841 2379 951 2449 forma
976 2402 1079 2466 usquo
1102 2384 1238 2471 Aposto-

105 2491 215 2558 lorum
233 2490 346 2560 limina
362 2491 502 2576 singulis
518 2490 660 2557 bienniis
677 2489 821 2558 visitabo
841 2494 900 2554 etc.
917 2507 1020 2572 nsque
1036 2490 1070 2557 in
1086 2491 1193 2564 finem.
1282 2556 1287 2569 ,

108 2709 175 2783 (Ν.
190 2708 296 2765 Miklcs
309 2707 388 2782 pdpa
400 2707 597 2782 Regestdibdl,
612 2709 749 2775 Theiner,
769 2708 879 2765 Vetera
892 2709 1079 2766 Monumenta
1092 2709 1239 2766 Historica

215 2802 397 2874 Hungariam
412 2801 529 2860 Sacram
542 2800 720 2858 illustrantia
730 2800 753 2856 1.
766 2801 828 2860 kdt.
841 2799 933 2856 Roma
948 2800 1026 2856 1859.
1039 2798 1100 2857 366.
1113 2798 1145 2872 l.)
