3144 5180
594 337 752 439 *3-5-

109 534 327 623 ratihabitio,
352 534 524 602 innouacio
540 543 574 604 et
590 533 796 602 confirmacio
813 531 931 616 prioris
948 531 1138 600 donacionis
1152 530 1231 600 irre·

110 645 264 714 uocabile
282 653 316 711 et
341 651 533 731 perpetuum
550 645 593 710 sit
610 644 782 710 munimen.
808 639 964 707 Volentes
991 647 1026 705 et
1041 638 1148 708 edicto
1170 643 1231 708 Re-

110 754 178 840 gio,
195 761 354 841 perpetuo
371 753 535 841 duraturo,
560 751 790 838 concedentes,
808 746 892 832 qnod
907 753 1100 834 prenotatas
1116 754 1232 831 terres,

111 863 211 930 simul
228 883 299 931 cum
317 863 492 950 piscaturis
503 883 543 931 ac
560 860 745 929 earumdem
756 857 951 926 vtilitotibus
970 865 1003 924 et
1017 854 1231 943 pertinencijs

110 971 286 1062 uniuersis,
303 973 474 1040 memorati
490 973 680 1058 Propositus
697 975 729 1035 et
745 967 930 1054 Capitulum
945 969 1157 1036 Posonieusis
1172 970 1232 1036 Ee·

111 1081 215 1148 clesie
230 1087 386 1168 perpetuo
403 1077 595 1166 possideant
611 1077 749 1164 pacifice
766 1083 798 1140 et
815 1073 934 1160 quiete.
952 1073 989 1141 lu
1007 1075 1098 1144 ouius
1116 1095 1232 1143 memo-

111 1191 195 1255 riam
212 1195 246 1254 et
262 1197 454 1276 perpetuam
470 1187 656 1253 firmitatem
667 1190 838 1270 presentes
855 1185 1074 1254 concessimus
1090 1184 1229 1266 litteras,

114 1297 282 1384 dupplieis
298 1299 402 1382 sigilli
428 1299 532 1364 nostri
557 1297 733 1363 munimine
750 1297 933 1362 roboratas.
958 1297 1076 1361 Datum
1093 1315 1152 1382 per
1167 1313 1233 1360 ma·

112 1424 173 1472 nus
189 1405 394 1472 honorabilis
420 1411 454 1470 et
479 1403 613 1471 disereti
634 1402 696 1468 viri
713 1401 861 1486 magistri
878 1399 1045 1469 Theodori
1070 1401 1233 1486 Preposlti

114 1514 273 1582 Albensis
290 1515 365 1580 aule
382 1519 492 1582 nostre
508 1509 799 1596 vice-Oencellarij
823 1509 933 1576 dilecti
950 1517 981 1576 et
996 1507 1102 1578 fidelis
1118 1511 1232 1592 nostri,

111 1639 202 1688 anno
218 1621 354 1689 Domini
369 1621 420 1689 M⁰
436 1621 507 1690 00⁰
524 1619 736 1705 nonagesimo
753 1616 865 1705 primo.
883 1617 988 1703 Regni
1005 1623 1112 1684 autem
1130 1617 1232 1685 nostri

111 1749 200 1796 anuo
221 1729 381 1798 secundo.

110 1923 227 1996 (Kiirva
249 1923 378 1997 aCspsa
401 1922 524 1980 CFasc.
548 1925 573 1978 7.
593 1923 661 1980 Nro.
684 1925 727 1978 73.
752 1920 888 1978 sudmhdl.
911 1920 1234 1995 Apeasonykdptalsni

461 2014 754 2090 magdnlevdltdrbol.
773 2013 887 2083 Knosos.)

541 2307 803 2317 ..maa-m

651 2867 710 2944 23.

107 3067 175 3134 III.
202 3066 312 3131 Budre
324 3059 435 3152 loirdly
457 3067 561 3153 ‹itirja
585 3069 616 3130 ds
630 3065 808 3151 moperllaiti
831 3065 890 3132 IV.
909 3063 1085 3130 Ldaeldook
1100 3065 1189 3130 1278
1205 3066 1236 3130 6·

109 3177 201 3241 1280
211 3177 261 3241 eoi
276 3175 327 3240 ket
343 3173 457 3258 leoeldt,
473 3172 642 3262 melyeklccl
653 3173 769 3238 Lecto
777 3173 882 3260 kirdly
899 3196 919 3237 o
929 3175 1082 3264 pozeooya'
1091 3177 1234 3260 prdpoot-

109 3283 177 3348 eat
196 3283 227 3346 ds
243 3279 462 3366 kdptalunrrok
487 3278 633 3347 Seeliocla
650 3282 682 3343 ds
695 3279 889 3366 Fleeenolorf
909 3281 1085 3347 bircoloket
1108 3281 1234 3347 adom

557 3399 678 3477 reposto.
696 3391 793 3458 1291.

229 3586 408 3677 (A)ndreos
434 3587 497 3656 Dei
521 3589 634 3673 gracie
653 3589 841 3672 Hungarie,
869 3591 1060 3678 Delmacie,
1087 3590 1233 3678 Oroacie,

110 3699 236 3783 Reme,
254 3699 388 3786 Seruis,
409 3698 549 3764 Gallicie
560 3749 569 3784 ,
590 3697 802 3782 Lodomerie,
820 3696 975 3767 (lomanie
988 3699 1233 3783 ,Bnlgarieque

109 3809 181 3872 Rex
198 3807 349 3873 omnibus
365 3813 552 3894 presentem
569 3809 726 3891 paginam
744 3807 942 3893 inspecturis
960 3808 1099 3876 salntem
1117 3811 1150 3876 in
1167 3830 1233 3877 om-

109 3915 201 3983 nium
217 3917 396 3983 saluatore.
422 3915 476 3982 Ad
493 3915 719 3983 uniuersorum
743 3915 897 3984 noticiam
913 3917 1028 3984 harum
1045 3917 1129 3984 serio
1145 3919 1234 3984 volu·

109 4041 182 4088 mus
201 4021 383 4109 peruenire,
401 4023 487 4105 quod
503 4023 665 4090 discretus
683 4023 732 4088 nir
755 4023 911 4108 magister
927 4024 1026 4093 Hoeb
1042 4025 1234 4112 Propositus

109 4137 143 4196 et
159 4129 353 4214 Capitulum
371 4130 520 4198 Ecclesie
537 4130 748 4198 Posonieusis
764 4129 880 4200 fideles
896 4135 1009 4218 nostri,
1030 4133 1075 4199 ad
1090 4141 1234 4202 nestram

108 4237 312 4307 accedentes
328 4241 545 4324 presenciam,
563 4238 781 4307 exhibuerunt
796 4240 891 4310 nobis
909 4241 973 4309 duo
990 4241 1086 4328 paria
1101 4243 1233 4327 priuile-

110 4349 239 4431 giornm
257 4347 383 4415 domini
407 4347 568 4437 Ladizlay
583 4351 672 4416 clare
689 4351 841 4417 memorie
867 4349 1009 4419 Illustris
1028 4353 1129 4436 Regis
1145 4351 1234 4420 Hun-

110 4457 224 4542 garie‚
248 4457 411 4542 patruelis
429 4459 534 4525 nostri
550 4459 738 4545 karissimi,
765 4480 862 4528 vnum
879 4461 1005 4528 seilicet
1021 4481 1120 4546 super
1136 4461 1234 4528 dona-

113 4567 208 4633 cione
235 4567 450 4648 quarumdam
475 4573 635 4634 terrarum
660 4565 805 4634 Zeleneh
831 4575 864 4635 et
880 4568 1079 4636 Flecendorl
1100 4578 1233 4637 uocata·

112 4695 193 4762 rum,
211 4695 271 4761 per·
288 4675 427 4744 eundem
453 4675 619 4746 dominum
638 4674 827 4744 Ladiulaum
846 4679 969 4764 Regem
986 4679 1136 4745 Ecclesie
1153 4681 1234 4746 San-

1081 4789 1130 4854 3*
