3094 5168
785 255 927 364 ..nn

291 453 518 542 possessionis
542 455 727 542 Bagartelk
742 467 860 530 vocate
876 458 1023 547 legitime
1047 455 1131 526 inibi
1154 453 1358 540 conuocatis,
1377 456 1425 524 ad
1518 493 1519 508 κ

291 567 410 634 taciem
426 563 574 634 eiusdem
600 567 793 640 accedendo
818 570 1005 640 reambulet
1019 585 1080 656 per
1095 584 1195 635 seras
1222 583 1299 634 suns
1314 573 1424 634 metas

293 681 327 744 et
342 676 504 758 antiquas,
515 691 621 744 novas
636 673 727 744 iuxta
736 685 868 748 veteres
884 681 921 748 in
936 676 1020 746 locis
1031 674 1237 762 necessarijs
1253 672 1425 759 erigendo,

293 782 576 870 roambnlatsquo,
593 788 626 850 et
636 785 679 852 ab
688 785 829 856 aliorum
839 782 1114 873 possessionariis
1126 780 1258 870 juribus
1275 779 1425 868 legitimo

295 899 486 979 separatam
503 897 537 962 et
552 891 753 980 distinctum,
770 901 897 964 emieat
922 893 1063 964 eandem
1078 891 1189 960 eidem
1208 892 1337 959 Lazaro
1352 888 1425 958 Ab·

295 999 367 1070 bati
382 1006 416 1070 et
430 1019 490 1068 suo
507 998 711 1070 Monasterio
729 1022 769 1072 oo
782 1005 868 1090 jnre,
886 1021 950 1088 quo
967 1022 1010 1070 ex
1028 999 1139 1071 causis
1150 998 1324 1085 premissis
1339 997 1425 1084 ipsis

297 1107 480 1180 dinoscitur
500 1109 666 1196 pertinere
690 1119 848 1200 perpetuo
872 1110 1131 1200 possidendam,
1158 1108 1267 1194 siper
1292 1106 1425 1189 aliquos

297 1239 364 1288 non
383 1217 485 1287 inerit
511 1217 772 1306 contradictum,
788 1221 1049 1290 contradictores
1072 1237 1152 1289 vero
1178 1216 1266 1301 siqui
1291 1213 1423 1296 fuerint,

299 1328 379 1394 citet
395 1326 489 1412 ipsos
506 1333 624 1397 contra
640 1337 847 1416 prenotatam
861 1329 1023 1398 Lazarum
1039 1328 1206 1398 Abbatem
1224 1325 1258 1392 iu
1274 1328 1424 1393 nostram

299 1433 508 1524 presenciam
524 1435 569 1502 ad
585 1439 758 1507 terminum
773 1443 1013 1525 competentem
1033 1436 1197 1505 rationem
1207 1431 1425 1502 contradicio-

300 1545 353 1613 nis
378 1546 527 1633 ipsorum
553 1545 748 1618 reddituros.
774 1549 816 1616 Et
840 1553 918 1634 post
938 1547 1004 1613 tneo
1029 1545 1136 1632 ipsius
1160 1541 1425 1628 possessionarie

298 1649 555 1721 introduccionis
572 1661 605 1721 et
631 1657 828 1726 statucionis
845 1675 886 1724 ao
901 1663 1064 1725 metarum
1087 1671 1247 1722 nouarum
1263 1648 1424 1720 oracionis

301 1761 421 1833 seriem
436 1781 510 1830 oum
525 1763 714 1834 nominibus
725 1766 1002 1836 contradictorum
1019 1773 1051 1833 et
1063 1763 1252 1847 citatorum,
1269 1759 1357 1844 siqui
1372 1779 1424 1827 ex-

302 1870 430 1940 titerint
445 1872 650 1962 terminoque
675 1878 849 1960 assignato
867 1876 901 1944 in
916 1873 1036 1946 vestris
1059 1871 1180 1943 littoris
1195 1869 1293 1938 nobis
1309 1869 1426 1936 amics-

301 1981 414 2050 biliter
438 1980 645 2051 rescribatis.
670 1983 793 2053 Datum
808 1985 843 2054 in
858 1983 942 2052 villa
967 1977 1202 2051 cruciferorum
1228 1996 1333 2063 prope
1350 1976 1424 2043 Tor-

303 2089 440 2158 densem
456 2087 624 2161 ciuitatem
641 2095 673 2162 in
690 2095 775 2165 icsto
793 2093 889 2163 Beati
908 2091 1082 2162 Michaelis
1100 2087 1325 2174 Archangeli,
1339 2101 1423 2151 anno

304 2203 438 2278 Domini
454 2201 628 2274 millesimo
644 2204 724 2276 00⁰.
744 2201 931 2273 LXXXX⁰.
946 2219 1045 2270 nono.

520 2401 665 2469 (Teutsch
678 2397 710 2458 es
722 2397 886 2458 Firnhaber
898 2395 937 2454 id.
950 2415 987 2454 m.
999 2395 1022 2451 1.
1034 2395 1097 2452 ket.
1109 2391 1172 2450 211.
1187 2389 1220 2464 l.)
