3072 5168
375 579 447 626 mus
472 557 589 624 merito
613 553 730 638 Regali
751 557 884 640 gracia,
909 557 1023 626 lauorc
1047 564 1081 624 et
1101 557 1278 627 donatione
1298 558 1492 646 amplexari,

374 668 416 736 ob
432 665 613 733 remedium
623 664 732 730 anima
742 673 854 732 nostre
870 670 904 730 et
914 683 1004 750 spem
1021 665 1128 734 future
1141 667 1310 735 felicitatis
1326 670 1492 750 quandam

373 785 494 844 terram
511 773 770 844 uduornicorum
786 779 971 844 nostrorum
986 776 1127 863 Tboyon
1154 785 1301 844 voeetmn
1319 777 1411 844 iuxta
1429 779 1491 844 Ba·

373 883 509 951 latinum
527 883 561 948 in
587 880 748 948 Comitatn
767 880 958 949 Zaladiensi
974 884 1176 964 existentem,
1206 903 1277 950 euru
1303 885 1491 954 uduornicis

372 993 494 1062 nostris
511 1010 610 1078 super
625 987 743 1058 eadem
759 989 978 1059 residentibus
995 991 1089 1060 Boda
1104 993 1269 1076 videlieet,
1280 993 1404 1080 Zobou,
1417 995 1491 1062 Gra·

372 1101 489 1189 chyno,
507 1100 659 1186 Georgic,
678 1099 891 1186 Sebastiano,
908 1097 1078 1185 Ladislao,
1100 1101 1283 1185 Dominieo,
1300 1103 1491 1190 Scemeyno,

371 1209 514 1279 Matthia
530 1216 564 1278 et
579 1211 675 1277 Petro
690 1229 760 1278 cum
771 1209 841 1276 suis
858 1208 1036 1278 heredibus
1049 1209 1268 1294 heredumque
1279 1230 1411 1277 suorum
1422 1230 1490 1278 suc·
1521 1293 1522 1298 Ἰ

372 1317 572 1404 cessoribus,
589 1335 671 1400 quos
697 1316 826 1400 quidem
845 1317 1045 1386 uduornieos
1062 1317 1209 1387 dominus
1226 1321 1296 1386 ltex
1314 1321 1396 1387 bela
1413 1339 1490 1388 anns
1521 1395 1522 1400 ἵ

371 1434 484 1495 noster
500 1428 589 1494 clare
606 1425 760 1492 memorie
777 1424 819 1492 de
835 1425 1060 1494 castrensibus
1076 1428 1178 1493 castri
1194 1427 1488 1512 Vesprimiensisin

372 1535 596 1602 condicionem
612 1533 866 1601 uduornicorum
883 1534 1105 1618 transtulerat,
1116 1535 1149 1600 iu
1165 1534 1284 1602 eadem
1300 1535 1490 1604 condicione

371 1663 437 1728 qua
454 1643 744 1729 predecessoribus
770 1643 892 1711 uostris
910 1641 1012 1727 ijdem
1029 1643 1208 1710 uduornici
1229 1647 1420 1729 seruierunt,
1439 1647 1488 1711 de·

371 1754 488 1834 dimus,
506 1751 702 1820 donauimus
719 1756 754 1816 et
773 1750 968 1818 contulimus
986 1750 1050 1836 ipsi
1066 1753 1264 1817 monasterio
1289 1752 1382 1820 Beati
1400 1753 1486 1818 Mau·

373 1862 444 1929 ricii
461 1862 504 1928 ‹le
519 1859 600 1928 Beei
615 1857 677 1924 sub
693 1856 816 1926 eisdem
832 1859 940 1945 metis,
957 1857 1102 1928 terminis
1119 1868 1153 1925 et
1168 1860 1344 1943 limitibus,
1371 1862 1487 1941 quibus

370 1970 444 2056 ipsa
460 1975 548 2036 terra
563 1967 705 2053 Thoyon
731 1973 878 2052 tempore
893 1965 999 2052 ipsius
1015 1967 1115 2052 Regis
1133 1967 1214 2035 Bate
1240 1987 1299 2054 per
1323 1968 1487 2053 predictos
1521 2027 1522 2030 ,

370 2075 577 2145 uduornicos
593 2082 725 2142 nosnos
753 2074 901 2153 Bodam,
918 2075 1032 2144 Zobou
1041 2127 1051 2161 ,
1066 2075 1283 2159 Grachinum,
1302 2077 1485 2159 Georgium,

371 2180 1485 2274 Gregorium(rgy),sebestimnm,haebreum,Dominieumsmmey-

372 2317 460 2378 uum,
481 2293 652 2361 Matthiam
669 2299 703 2359 et
718 2293 847 2358 Petrum
863 2292 990 2377 habita,
1002 2293 1139 2359 limitata
1155 2291 1305 2361 fueratet
1321 2313 1484 2380 possessa,

372 2411 406 2472 et
430 2401 569 2471 eandem
594 2410 714 2469 terram
739 2399 877 2488 Tboyon
903 2420 975 2467 cunr
995 2403 1143 2468 omnibus
1160 2402 1356 2468 utilitatibus
1372 2403 1442 2474 suis
1459 2412 1486 2469 et

371 2511 586 2602 pertinenciis
602 2510 766 2577 uniuersis
781 2529 823 2576 ao
841 2528 913 2576 cum
929 2510 1128 2578 wduoruiois
1144 2511 1265 2578 nostris
1282 2513 1483 2595 prenomina-

371 2623 425 2706 tis,
441 2623 506 2687 iam
523 2619 611 2686 dicto
629 2619 827 2714 monasterio
844 2626 957 2685 nostro
972 2617 1014 2686 de
1030 2620 1108 2686 Beei
1125 2638 1183 2706 per
1198 2619 1390 2705 magistrum
1407 2623 1482 2687 Len-

370 2729 522 2799 rentham
534 2728 690 2795 Comitem
703 2725 980 2814 vesprimiensem
992 2729 1146 2796 dilectum
1157 2734 1192 2794 ct
1199 2729 1331 2795 fidelem
1344 2737 1482 2797 nostrum

371 2839 507 2908 iacimus
523 2837 697 2923 assignari.
715 2837 758 2904 vt
774 2837 872 2922 igitur
883 2836 978 2903 huius
994 2844 1106 2905 nostre
1123 2835 1318 2905 donacionis
1328 2838 1429 2905 series
1439 2857 1480 2902 ro-

372 2948 432 3014 bur
457 2946 607 3014 obtineat
632 2951 790 3031 perpetuo
815 2943 997 3026 firmitatis,
1032 2963 1092 3012 nec
1123 2963 1279 3031 processu
1307 2951 1481 3030 temlmrum

371 3075 429 3142 per
455 3053 640 3138 quempiam
665 3071 888 3122 successorum
905 3059 1088 3120 nostrorum
1117 3053 1230 3122 valcat
1245 3055 1417 3120 retractari
1436 3052 1480 3116 vel

370 3165 405 3231 in
421 3162 547 3227 irritum
564 3161 776 3246 aliquatenus
792 3163 950 3244 reuocari,
969 3165 1141 3246 presentes
1157 3161 1264 3227 eidem
1287 3161 1480 3230 monasterio

374 3272 486 3340 Sancti
501 3270 649 3338 Mauricii
660 3271 881 3340 concessimus
897 3271 1027 3338 litteras
1039 3270 1181 3356 duplicis
1191 3269 1294 3353 sigilli
1310 3271 1413 3338 nostri
1423 3287 1479 3334 mu·
1523 3297 1524 3318 ι

374 3381 495 3448 nimine
519 3379 701 3448 roboratas.
729 3378 852 3446 Datum
870 3399 929 3466 per
945 3398 1063 3446 manus
1089 3377 1288 3460 venerabilis
1313 3379 1374 3443 riri
1390 3375 1479 3460 magi·
1523 3367 1524 3438 ἒ

374 3489 434 3556 stri
444 3487 766 3556 TheodoriAlbensis
775 3485 925 3556 Ecclesia
935 3485 1098 3571 Prepesiti
1108 3486 1184 3553 aule
1195 3485 1479 3553 scanavico-Gau·
1523 3473 1524 3482 ἶ

375 3597 501 3666 cellarii
517 3594 631 3663 dilecti
646 3602 679 3660 et
694 3593 802 3662 tidelis
819 3593 922 3662 nostri
935 3613 1022 3663 anno
1050 3592 1183 3660 Domini
1198 3592 1246 3659 Μ’
1262 3591 1333 3661 00⁰
1347 3610 1477 3674 nonage-
1523 3581 1524 3584 '

374 3705 456 3772 simo
472 3703 617 3772 seeundo
633 3701 806 3771 undecimo
815 3701 978 3770 kelandas
995 3700 1167 3769 Februarii
1182 3701 1290 3785 Regni
1305 3707 1411 3769 autem
1426 3718 1475 3765 no·

376 3812 436 3880 stri
451 3831 538 3880 anno
554 3811 710 3878 seeundo.

540 4005 687 4074 (Eredetie
701 4024 719 4063 a
731 4023 773 4063 su.
787 4003 908 4062 mtrtonr
921 4002 1077 4078 fbapttabg
1094 4001 1319 4076 lavelttrlban.)
