3094 5168
828 303 980 407 mg

348 503 495 570 duximus
523 499 785 589 prorogandam,
814 507 901 568 statu
929 507 960 564 et
989 499 1091 565 forma
1118 499 1258 585 priorum
1285 496 1461 563 litterarum

348 617 567 697 permanente.
585 611 703 676 Datum
723 617 837 692 quarto
854 609 907 675 dio
924 608 1052 675 termini
1071 607 1245 693 prenotati.

419 773 531 840 Jcppaet.
545 769 728 841 Biirhertytn
741 769 803 826 kclt
815 769 878 825 cart
890 766 975 834 level,
989 768 1122 838 melyuck
1135 764 1238 822 hiteta
1251 767 1401 822 ezintaaon
1416 761 1462 817 ke'z

349 865 396 916 eat
405 859 476 917 irta:
488 859 708 932 ,Prorogatoria
719 859 872 916 solutionis
883 876 932 914 sex
943 875 1110 924 marcarum,
1120 875 1171 929 pro
1179 855 1319 912 Michaele
1330 858 1364 911 de
1375 854 1463 927 Egnk,

348 957 449 1008 contra
461 951 628 1008 Ladislaum
644 950 733 1006 filium
746 951 887 1008 Johannie
901 947 950 1004 filii
965 947 1127 1004 Chubaulra
1138 947 1174 1003 ad
1188 946 1350 1020 quindenae
1363 946 1461 1000 exerci-

348 1039 421 1098 tus.“
436 1041 533 1098 Kerek
547 1039 722 1114 peccotonck
746 1039 954 1112 maradvanyai
968 1039 1131 1108 mutatjak,
1153 1037 1231 1110 hogy
1244 1055 1259 1092 e
1273 1035 1348 1092 level
1361 1053 1396 1090 aa
1410 1035 1462 1106 egri

349 1130 551 1202 kaptalauban
563 1130 634 1186 kelt.
654 1127 748 1186 Abtdi
770 1129 937 1185 Domonkos
952 1128 1056 1183 tarnclr
1079 1127 1223 1198 a'l'amay
1242 1124 1462 1197 nemaeuogbot

349 1219 380 1276 oe
391 1219 506 1276 Marion
519 1218 723 1294 alorszagbiro,
745 1223 816 1276 mint
829 1218 890 1276 mas
903 1218 1109 1277 oklevelckbiil
1123 1218 1235 1288 tndjulr,
1250 1217 1377 1288 unintegy
1393 1216 1464 1269 mos.

349 1310 707 1368 eltek.1nnenczol1evel
721 1311 792 1368 kora
803 1311 827 1366 is
839 1309 1103 1382 mcghattrozhato.
1114 1307 1240 1364 Masolta
1249 1305 1361 1364 Horvat
1373 1302 1463 1360 terror

351 1419 369 1458 a
382 1399 555 1458 scandavari
568 1399 665 1458 Steter
678 1399 877 1458 levelttrtbol.
892 1389 972 1470 lireio.

877 2257 952 2324 tot.

354 2477 534 2565 Haaosadpi
559 2477 707 2564 eijcpyaos
734 2475 891 2562 Reunia,
915 2473 1046 2540 Martcli
1062 2473 1185 2562 Koroly
1210 2477 1314 2540 cza'm.
1340 2493 1465 2560 mcqycr

450 2584 557 2672 kirtly
574 2583 698 2670 tenayo,
715 2585 746 2648 ta
760 2584 862 2649 Jonas
877 2583 999 2647 nioaoei
1013 2581 1157 2668 dauphin
1172 2581 1250 2645 icliat.
1276 2581 1373 2645 1296.

460 2804 498 2869 ln
522 2801 653 2872 nomine
682 2800 812 2867 Domini
838 2799 950 2866 Amen.
986 2801 1080 2867 Anno
1106 2799 1300 2866 Natiuitatis
1326 2796 1465 2866 eiusdem

354 2909 527 2981 millesimo
551 2909 777 2977 ducentesimo
802 2909 1015 2994 nonagesimo
1040 2898 1154 2995 sex'to,
1181 2907 1392 2976 Pontilioatus
1415 2905 1466 2970 do·

354 3019 432 3088 mini
456 3019 618 3088 Bonifatii
643 3018 734 3106 Pape
760 3020 868 3086 octavi
895 3035 983 3084 anno
1007 3015 1152 3084 seeundo
1178 3036 1290 3084 meuse
1316 3015 1393 3082 llaii
1416 3014 1465 3080 die

354 3127 456 3198 XXV.
474 3127 621 3197 eiusdem
639 3127 698 3194 IX.
716 3127 920 3196 indictionis.
940 3125 1106 3194 Presentis
1122 3124 1330 3195 instrumenti
1350 3123 1465 3209 publici

354 3239 439 3307 serie
454 3243 565 3305 notum
581 3235 625 3302 sit
640 3237 800 3317 omnibus,
818 3236 905 3318 quod
921 3235 955 3300 in
972 3233 1142 3320 presencia
1162 3235 1237 3318 mei,
1253 3235 1341 3300 Petri
1357 3231 1466 3301 Granni

356 3347 396 3415 de
411 3345 570 3429 Neapoli,
595 3345 688 3428 liegii
705 3349 738 3411 et
763 3343 886 3430 publici
903 3345 1094 3430 Apostolica
1118 3344 1318 3411 authoritate
1332 3340 1465 3424 Notarii,

355 3473 417 3522 nee
431 3473 498 3522 non
523 3451 707 3520 Reverendi
732 3451 840 3536 patris
865 3451 988 3517 domini
1003 3449 1145 3535 Philippi
1162 3449 1224 3517 Dei
1248 3453 1366 3538 gracia
1389 3449 1465 3518 Nea·

354 3561 493 3648 politani
510 3560 760 3646 archicpiscopi
769 3609 777 3642 ,
803 3559 1003 3626 venerabilis
1020 3559 1082 3626 viri
1098 3559 1220 3627 domini
1235 3559 1325 3626 Petri
1342 3559 1383 3626 de
1399 3557 1466 3624 Fer·

355 3670 459 3754 reriis,
476 3669 602 3738 Decani
618 3668 814 3754 tuiciensis,
831 3667 938 3753 Regni
953 3667 1065 3735 Sicilie
1083 3667 1466 3753 (lancellarii,llcgiorun1

357 3778 627 3849 consiliariorum
643 3785 677 3845 et
691 3777 916 3860 familiarium,
943 3775 1064 3843 domini
1080 3776 1192 3843 Manui
1209 3777 1396 3863 presbyteri
1419 3777 1468 3844 Oa·

357 3885 467 3956 noniei
482 3887 711 3972 Neapolitani,
729 3887 865 3954 Leoneti
882 3886 924 3953 de
940 3886 1115 3970 campanio
1135 3893 1169 3951 et
1183 3885 1344 3954 Johannis
1362 3885 1467 3954 (iham-

357 3994 452 4064 bonis
468 3994 509 4063 de
525 3997 615 4064 Mala
630 3993 725 4063 Valle
741 3997 784 4063 ad
800 3995 864 4061 hoc
888 3994 1077 4080 specialiter
1093 4001 1281 4064 vocatorum
1299 4003 1333 4062 et
1350 3999 1467 4084 rogato·

358 4119 429 4170 rum
443 4104 586 4171 testium.
603 4103 691 4170 Inter
701 4103 1024 4172 Excellentissimum
1035 4103 1220 4192 Principem
1235 4103 1403 4171 dominum
1413 4103 1467 4169 Ka·

357 4213 458 4280 rolum
485 4212 663 4282 secuudum
679 4215 741 4281 Dei
758 4214 872 4300 gracia
897 4213 1106 4282 Hierusalem
1123 4219 1156 4279 et
1180 4211 1292 4282 Sicilie
1313 4209 1469 4300 (Regem),

360 4319 507 4390 Donatus
523 4323 639 4410 llpulie
656 4331 689 4388 et
705 4323 912 4408 Principatns
929 4325 1061 4410 (lapue,
1086 4322 1255 4392 Provincie
1271 4330 1306 4390 et
1322 4320 1468 4408 Norqnal-

360 4427 464 4508 querii
481 4426 660 4512 Comitem,
686 4447 745 4512 pro
762 4427 898 4495 domina
914 4429 1069 4499 Beatrioe
1091 4431 1216 4497 minore
1235 4431 1407 4516 septennio
1423 4449 1467 4495 ne·

360 4539 413 4617 pte
430 4554 491 4604 sna
504 4536 743 4622 primogenita,
769 4541 854 4606 bone
871 4539 1024 4606 memorie
1051 4539 1159 4607 Incliti
1178 4539 1342 4626 Principis
1359 4537 1468 4607 domini

362 4642 478 4710 Karnli
494 4643 703 4729 primogeniti
728 4647 818 4729 eins,
844 4645 1012 4732 Hungarie
1028 4648 1129 4734 Regis
1144 4649 1304 4736 Illustris,
1331 4669 1371 4718 ex
1387 4655 1468 4735 parte
