3094 5168
385 473 439 556 qui
456 475 546 541 iuxta
562 476 696 542 formam
713 478 747 544 in
763 477 880 544 litteris
904 479 986 562 ipsis
1011 496 1211 564 expressam,
1238 495 1278 541 ao
1294 478 1383 560 ipsos
1408 475 1498 539 illam

383 587 582 666 potestatem
599 591 631 650 et
655 585 879 654 auctoritatem
908 588 1055 671 plenarie
1071 584 1193 650 babere
1210 585 1371 667 volumus,
1386 602 1455 665 que
1473 587 1498 648 iu

384 690 507 758 eisdem
523 691 642 762 litteris
668 695 880 761 eontinentur.
909 695 944 763 Si
972 715 1050 762 vero
1067 701 1111 778 tu,
1129 696 1180 761 vel
1196 693 1336 760 vicarius
1364 702 1455 775 tuus,
1473 699 1498 755 te

384 800 527 883 absente,
539 800 681 886 aliquem
692 803 917 885 Inquisitorem
931 802 1118 870 huiusmodi
1129 822 1170 868 ex
1181 799 1292 883 aliqua
1301 803 1384 868 forte
1395 819 1498 867 eausa

384 929 613 993 nonnunquam
630 911 700 978 lore
717 913 863 981 videritis
883 913 1108 998 attribuendum,
1126 915 1232 997 ipsum
1250 910 1447 990 amoveatis,
1469 915 1495 975 et

383 1015 588 1085 substituatis
613 1020 684 1087 loeo
708 1021 797 1088 illius
814 1023 930 1094 alium.
960 1039 1053 1102 quem
1070 1021 1208 1087 similem
1235 1024 1453 1106 postestatem
1471 1027 1496 1084 et

383 1127 612 1193 auctoritatem
635 1127 758 1196 babere
782 1129 927 1194 volumus
943 1179 951 1212 ,
967 1127 1117 1210 quotiens
1133 1127 1237 1208 uobis,
1261 1126 1495 1194 deliberatione

384 1256 454 1302 oum
471 1237 637 1318 aliquibus
653 1235 800 1304 diseretis
818 1237 973 1305 fratribus
999 1236 1080 1304 dieti
1098 1235 1222 1304 ordinis
1238 1236 1422 1321 prohibita,
1441 1237 1496 1303 bot

383 1347 454 1412 sore
469 1343 635 1411 videbitur
649 1343 843 1412 iaciendum.
874 1344 959 1412 Etsi
976 1345 1117 1427 aliquem
1133 1346 1186 1410 vel
1213 1344 1341 1426 aliquos
1358 1343 1495 1428 qunisi-

383 1459 487 1520 torum
505 1453 647 1538 ipsorum
665 1452 826 1521 decedere
843 1453 927 1520 torte
947 1454 1133 1536 eontigerit,
1151 1473 1210 1522 nos
1227 1453 1448 1519 substituendi
1460 1453 1495 1518 de

385 1561 520 1628 oonsilio
546 1561 725 1644 aliquorum
741 1562 876 1630 fratrum
901 1563 1045 1630 eiusdem
1071 1562 1194 1630 ordinis
1210 1561 1310 1628 alium
1336 1564 1387 1628 vel
1414 1563 1495 1628 alios

383 1671 456 1736 loeo
483 1669 572 1737 illius
587 1671 640 1736 vel
665 1671 812 1746 illorum,
838 1671 893 1754 qui
908 1671 1117 1756 decesserint,
1137 1671 1187 1736 ita
1203 1671 1291 1754 quod
1315 1670 1494 1736 huiusmodi

383 1777 550 1845 substituti
566 1776 690 1843 eisdem
709 1779 838 1846 omuino
854 1783 1049 1848 auotoritate
1066 1801 1107 1848 ae
1123 1787 1292 1868 potestate
1311 1779 1494 1861 fungantur,

383 1884 443 1952 tibi
459 1885 610 1970 dietaque
626 1887 772 1973 vicario,
799 1891 825 1955 si
852 1895 885 1956 tu
901 1891 1021 1957 absens
1037 1888 1148 1970 fueris,
1166 1889 1298 1972 plenam
1315 1894 1346 1955 et
1361 1887 1493 1954 liberam

383 1996 594 2064 condedimus
604 2003 717 2063 tenore
727 2000 925 2084 presentium
941 1997 1139 2064 iaoultatem.
1157 1999 1277 2063 Datum
1294 1997 1393 2064 Rome
1411 1997 1494 2082 apud

384 2107 537 2174 Sanctum
556 2107 685 2174 Petrum
703 2108 758 2172 ΙΙΙ.
775 2108 938 2175 kalendas
955 2109 1041 2190 Maii,
1060 2109 1274 2176 Pontificatus
1291 2107 1393 2174 nostri
1410 2127 1492 2172 anno

383 2222 509 2300 quarto.

428 2410 516 2482 (VIII.
526 2409 663 2468 Bouiftiee
678 2412 754 2487 pdpa
771 2412 968 2488 Regesldibtil
982 2413 1108 2470 Tbeiner
1121 2412 1309 2469 bionumenta
1322 2411 1375 2468 stb.
1387 2410 1407 2465 1.
1424 2411 1452 2466 k.

892 2505 954 2558 381.
965 2501 1000 2569 l.)
