3144 5180
593 277 748 381 ,ἓξ-

101 476 257 544 omnibns
268 427 466 544 utilitatibus
478 475 549 544 suis
566 481 599 544 et
609 476 825 563 pertinenoijs
841 478 1001 545 uniuersis
1013 477 1074 548 sub
1087 475 1227 548 hiisdem

101 587 203 654 mstis
220 591 253 653 et
269 583 430 664 terminis,
445 587 507 654 snb
519 585 639 669 quibus
657 605 714 670 per
725 587 858 654 eosdem
875 586 1022 671 hospites
1034 585 1124 654 dieta
1138 591 1227 652 terra

100 695 248 763 limitata
266 685 374 762 luerat
389 713 449 763 seu
464 715 619 782 possessa
628 745 638 782 ,
656 701 689 762 et
704 699 740 761 nt
756 695 869 783 populi
886 695 983 762 liberi
999 694 1066 762 sint
1081 695 1123 761 ab
1141 698 1225 762 omni

101 807 229 873 honere
256 804 417 874 eastrensi
428 858 437 892 ,
464 805 638 892 adipeam
666 810 787 872 terram
814 804 925 871 venire
951 805 1101 872 volentes
1126 823 1226 872 eausa

101 911 348 993 commorandi,
374 910 487 980 habito
515 913 653 982 oonsilio
679 911 819 979 omnium
845 913 1009 980 Beronum
1035 919 1227 997 nostrornm,

100 1025 161 1106 qni
177 1027 348 1106 presentes
359 1022 508 1105 aderant,
523 1021 674 1107 prediolo
691 1019 808 1089 Comiti
819 1018 1009 1110 Gyarmano
1027 1027 1060 1089 et
1075 1039 1134 1109 per
1150 1041 1225 1089 enm

99 1131 175 1198 suis
191 1129 368 1199 heredibus
393 1129 613 1223 heredumque
639 1149 769 1198 suorum
794 1129 1039 1198 suceessoribus
1065 1131 1224 1214 dedimus,

102 1239 304 1309 donauimus
330 1246 363 1308 et
388 1239 581 1306 0001011000
607 1238 679 1306 inre
714 1245 873 1325 perpetuo
900 1245 933 1306 et
964 1239 1226 1307 irremeabiliter
1355 1333 1357 1337 Α

100 1348 340 1435 possidendam
358 1353 391 1413 et
415 1349 610 1416 habendam.
631 1349 669 1414 In
688 1348 779 1416 euius
795 1347 843 1416 rei
869 1348 1059 1416 memoriam
1078 1356 1227 1436 perpetu·

100 1477 223 1542 amque
239 1456 426 1524 firmitatem
442 1467 613 1544 presentes
623 1457 845 1525 concessimus
861 1457 987 1525 litteras
1004 1455 1166 1542 dupplieis
1183 1457 1225 1527 si-

100 1566 175 1648 gilli
201 1565 305 1634 nostri
330 1567 506 1632 munimine
522 1567 705 1633 roboratas.
724 1563 845 1633 Datum
866 1587 924 1652 per
949 1585 1067 1636 manns
1091 1583 1226 1631 venere·

100 1675 182 1740 bilis
198 1674 262 1740 viri
278 1674 428 1758 magistri
445 1673 610 1742 Theodori
626 1674 782 1743 Albensis
800 1674 948 1742 Euolesie
964 1671 1127 1760 Propositi
1151 1675 1226 1740 aule

98 1789 214 1850 nostre
229 1781 525 1867 Viuo-Ganeellarij
544 1783 657 1850 dileoti
674 1789 707 1852 et
722 1783 830 1850 tidelis
849 1783 972 1868 nostri,
990 1803 1076 1850 enno
1094 1781 1226 1850 Domini

98 1889 279 1958 millesimo
290 1887 512 1957 ducentesimo
529 1891 745 1972 nonagesimo
758 1891 873 1978 primo,
888 1892 994 1974 Regni
1005 1899 1114 1959 eutem
1124 1889 1226 1957 nostri

98 2019 190 2064 anno
208 1997 326 2084 primo.
353 1999 605 2068 venerabilibus
621 2002 768 2087 patribus
789 1999 983 2069 Lodomerio
1000 1998 1227 2084 Strigoniensi,

98 2108 256 2175 Johanno
273 2107 445 2178 (tolosensi
472 2117 505 2176 et
520 2110 673 2176 Johaune
689 2109 881 2196 spalatensi
897 2109 960 2177 Dei
984 2107 1227 2194 00001οΑ001ιί-

98 2217 279 2302 episeopis,
297 2217 393 2302 Petro
401 2215 634 2300 Transilnauo'
648 2217 780 2285 Andree
797 2217 959 2302 Agriensi,
971 2216 1131 2303 Gregorio
1142 2213 1226 2283 Oba·

100 2322 266 2407 mutiensi,
283 2324 418 2392 Andrea
434 2326 611 2412 lauriensi,
628 2326 807 2392 benedicto
824 2323 1046 2408 Warediensi,
1066 2323 1227 2392 Lodizlso

97 2431 798 2521 1000100001,3000010000000001000,
825 2433 976 2500 Jobenne
997 2433 1226 2518 Zagrabiensi,

100 2541 216 2607 Ponka
235 2537 435 2626 Syrmiensi,
461 2550 495 2609 et
516 2546 622 2611 Passa
648 2543 808 2611 Nitriensi
834 2541 1030 2629 Episeopis,
1057 2540 1226 2610 lleelesies

98 2648 161 2714 Dei
179 2646 323 2715 feliciter
338 2650 607 2734 gubernantibus.
624 2651 776 2716 Jobanne
792 2651 950 2735 Magistro
967 2649 1225 2717 Tauarnioorum

100 2765 287 2823 nostrorum
305 2767 338 2824 ot
356 2759 484 2828 Oomite
496 2759 722 2844 supruniensi,
738 2759 876 2824 Nioolao
888 2757 1041 2826 Palatino
1058 2766 1090 2824 et
1102 2756 1227 2826 Gemite

100 2865 308 2952 Symigiensi
318 2916 328 2951 ,
346 2865 488 2936 Henrioo
504 2869 596 2934 Bono
614 2870 717 2935 tooius
735 2867 920 2946 Solanonie‚
937 2867 1088 2934 Rolando
1105 2866 1226 2955 Woya·

101 2970 189 3039 noda
201 2973 438 3061 Γ110000010οι00
455 2981 487 3040 et
504 2974 1125 3061 (1000110010Ζο0010,Μο1000110010100
1142 2977 1228 3060 Aga·

99 3099 214 3145 sonum
233 3087 427 3150 nostrorum.
445 3083 601 3151 Ladiulao
618 3083 685 3150 filio
695 3085 854 3171 Stephani
872 3084 1031 3169 Magistro
1049 3085 1225 3168 Dapilero·
1319 3132 1321 3138 .

99 3209 167 3255 rum
194 3198 397 3274 nostrorum,
431 3192 557 3261 Jaeobo
581 3194 742 3278 Magistro
769 3193 1002 3260 Piuoernerum
1028 3198 1223 3276 nostrorum,

103 3297 265 3382 Gregorio
283 3299 375 3367 Bane
392 3301 517 3370 Gemite
542 3303 722 3386 Nitriensi,
750 3313 781 3370 et
799 3303 876 3389 alijs
893 3322 990 3386 quern
1015 3303 1163 3387 pluribus
1179 3311 1224 3370 ta·

103 3403 259 3471 uentibus
278 3407 457 3475 Comitatus
473 3411 580 3495 Regni
597 3418 628 3476 et
645 3409 797 3478 honores.

525 3623 579 3694 (An
594 3626 704 3682 eredeti
719 3623 811 3696 uteru.)
