3094 5168
827 266 977 369 213-

339 487 401 536 nco
417 485 481 535 non
495 463 783 554 prosecutionibus
800 469 833 532 et
851 465 1066 554 processibus
1081 462 1205 534 habitis
1221 481 1322 551 super
1336 465 1457 550 eis,aut

338 571 367 641 si
376 573 540 656 aliquibus
550 573 782 658 cuiuscumque
792 572 979 656 eminentie,
996 569 1129 656 ordinis,
1141 569 1338 640 conditionis
1354 580 1388 640 et
1396 583 1454 642 ste-

338 691 391 749 tus
407 683 626 752 ecclesiastici
651 683 705 752 vel
722 681 887 766 mundani,
906 681 1006 748 etiam
1032 679 1062 748 si
1077 679 1246 768 Imperiali
1271 688 1330 747 aut
1344 683 1455 768 Regali

340 790 500 876 dignitate
516 793 737 880 prefulgeant,
757 790 925 878 aprelata
942 788 1030 858 Sede
1045 788 1206 856 indultum
1222 789 1356 874 existat,
1374 789 1455 873 quod

340 901 626 986 excommunicari,
639 899 795 986 suspendi
805 900 857 965 vel
868 897 1022 965 interdici
1038 919 1105 966 non
1121 898 1246 984 possint
1261 917 1321 984 per
1336 899 1456 964 litteras

339 1007 560 1093 Apostolicas,
577 1028 641 1076 non
660 1007 822 1076 iacientes
839 1008 971 1094 plenam
988 1015 1022 1075 et
1031 1025 1235 1092 expressam,
1252 1027 1292 1074 cc
1312 1007 1353 1074 de
1366 1005 1457 1073 verbu

339 1114 535 1184 adverbum
560 1117 603 1184 de
617 1115 743 1184 indulto
768 1115 956 1184 huiusmodi
982 1116 1036 1183 vel
1052 1135 1164 1184 eorum
1189 1115 1363 1202 personis,
1382 1111 1456 1181 locis

340 1228 399 1288 aut
415 1223 586 1292 ordinibus
611 1225 829 1312 mentionem,
849 1243 908 1295 sen
924 1224 1073 1310 quelibet
1098 1223 1168 1292 alia
1194 1223 1284 1292 dicte
1303 1223 1401 1293 Sedis
1416 1223 1457 1287 in·

340 1330 510 1414 dulgentia
526 1332 673 1416 generali
684 1335 738 1401 vel
749 1331 902 1420 speciali,
919 1333 981 1402 sub
998 1351 1190 1417 quacunque
1200 1329 1306 1399 forma
1321 1333 1376 1400 vel
1392 1350 1457 1399 con·

341 1441 493 1526 ceptione
519 1443 689 1512 verborum
706 1442 749 1510 ab
774 1441 892 1511 eadem
908 1442 997 1510 Sede
1013 1461 1183 1528 concessa,
1196 1461 1257 1530 per
1272 1460 1371 1525 quam
1395 1459 1458 1526 pre·

341 1547 489 1616 sentibus
500 1569 566 1618 uon
582 1569 776 1636 expressam
790 1553 844 1621 vel
859 1551 1009 1620 totaliter
1022 1570 1088 1618 non
1106 1551 1276 1634 insertam,
1294 1569 1406 1616 earum
1419 1547 1458 1614 el·

341 1657 447 1724 lectus
462 1656 617 1742 impediri
627 1659 740 1728 valeat
754 1660 808 1728 vel
825 1657 960 1745 differri,
978 1660 1069 1728 etde
1085 1659 1204 1743 quibus
1220 1677 1404 1744 quorumve
1417 1663 1458 1725 to-

342 1768 385 1834 tis
400 1765 570 1835 tenoribus
587 1768 630 1834 de
645 1769 746 1836 uerbo
762 1768 958 1838 adverbum
976 1775 1078 1856 certa,
1096 1767 1264 1856 specialis,
1280 1769 1393 1854 plena,
1411 1765 1458 1834 de·

341 1876 520 1944 terminata
537 1881 571 1942 et
588 1894 748 1962 expressa
764 1876 797 1942 in
813 1877 939 1945 nostris
954 1876 1076 1945 litteris
1093 1877 1217 1946 mentio
1234 1877 1278 1945 sit
1302 1873 1458 1945 habenda.

341 1986 464 2054 Datum
489 1985 646 2053 Laterani
671 1985 711 2052 V.
736 1983 901 2055 kalendas
917 1983 1108 2073 Februarii,
1133 1985 1348 2054 Pontificatus
1363 1980 1458 2053 nostri

342 2110 431 2162 anno
447 2092 573 2177 quinto.

450 2202 488 2268 In
514 2221 544 2269 e.
569 2223 611 2269 m.
628 2201 758 2272 dilectis
773 2200 852 2270 tiliis
868 2203 1020 2289 capitulo
1045 2203 1196 2272 Ecclesia
1220 2201 1457 2290 Strigouiensis.

342 2307 578 2378 Preteritorum
604 2309 763 2379 exhibitio
789 2315 852 2378 etc.
877 2317 913 2379 ut
928 2310 963 2378 in
978 2311 1169 2400 precedenti
1184 2313 1337 2396 proxima
1359 2309 1459 2380 verbis

345 2422 568 2502 competenter
582 2421 738 2507 mutatis,
753 2439 859 2506 usque
875 2429 966 2489 esset
980 2421 1145 2490 habenda.
1163 2419 1326 2501 Quocirca
1343 2421 1459 2486 unirer-

343 2523 436 2592 sitati
446 2533 554 2595 vestre
565 2529 825 2614 perApostolica
835 2529 961 2614 scripte
970 2529 1177 2616 mandamus,
1188 2537 1351 2616 quatenus
1362 2527 1458 2597 eidem

347 2632 508 2721 Gregorio
525 2644 681 2720 tanquam
698 2637 910 2706 Procuratori
926 2639 1015 2706 dicte
1031 2636 1266 2723 Strigoniensis
1283 2637 1461 2706 Ecclesiea

343 2742 451 2822 nobis,
467 2749 504 2810 ut
523 2744 710 2831 predicitur,
728 2745 891 2830 ordinato,
908 2747 1066 2833 quamdiu
1081 2747 1351 2833 procurationem
1364 2749 1396 2812 et
1410 2739 1460 2810 ad·

344 2849 620 2922 ministrationem
635 2853 740 2942 ipsius
755 2857 907 2942 gesserit,
931 2856 1099 2924 humiliter
1114 2855 1335 2940 intendentes,
1352 2872 1390 2919 ac
1411 2872 1461 2919 ex·

344 2959 498 3028 bibentes
515 2961 546 3029 ei
561 2961 782 3031 obedientiam
807 2971 841 3032 et
855 2965 1072 3034 reverentiam
1087 2964 1233 3034 debitam
1258 2969 1293 3030 et
1308 2963 1460 3042 deuotam,

346 3065 417 3133 eins
433 3065 582 3134 salubria
600 3069 723 3137 monita
743 3075 776 3135 et
786 3069 944 3138 mandata
956 3071 1147 3158 suscipiatis
1163 3072 1291 3158 devote,
1308 3089 1348 3138 ac
1363 3069 1462 3137 effice·

347 3175 428 3242 citer
448 3172 633 3260 adimplere
650 3179 771 3246 curetis
788 3201 796 3241 ε
821 3179 967 3266 alioquin
983 3178 1191 3268 sententiam,
1212 3199 1312 3264 quam
1327 3179 1413 3248 idern
1426 3173 1461 3242 G.

344 3281 408 3349 rite
424 3281 534 3351 tulerit
550 3281 584 3349 in
600 3285 751 3373 rebelles,
763 3286 1084 3374 ratamhabebimus,
1101 3297 1135 3360 et
1149 3289 1321 3374 iaciemus,
1337 3291 1462 3358 auctore

346 3390 487 3460 Domino
497 3439 508 3472 ,
533 3411 639 3477 usque
655 3393 698 3460 ad
724 3393 986 3465 satisfactionem
1014 3399 1211 3486 condignam
1234 3393 1462 3466 inviolabiliter

347 3501 527 3580 observari,
542 3502 666 3570 Datum
682 3503 839 3574 Laterani
854 3505 893 3574 V.
918 3507 1081 3575 kalendas
1098 3507 1282 3595 Februarii,
1298 3501 1461 3572 Pontifica-

345 3613 398 3676 tus
414 3607 519 3676 nostri
533 3627 620 3676 anno
637 3613 760 3696 quinto.

455 3715 494 3781 In
520 3735 548 3783 e.
565 3738 607 3784 m.
624 3718 721 3788 (llere
737 3720 889 3790 Civitatis
906 3731 939 3791 et
954 3725 1108 3795 Diocesis
1128 3723 1373 3813 strigoniensis.

457 3822 495 3889 Iu
522 3843 549 3890 e.
566 3847 608 3893 m.
625 3826 755 3899 dilectis
771 3831 849 3899 filiis
864 3835 990 3920 populo
1007 3833 1159 3904 Civitatis
1175 3841 1209 3903 ct
1223 3833 1376 3902 Diocesis
1392 3829 1463 3900 Stri-

350 3929 530 4019 gonicnsis.
546 3936 777 4007 Preteritorum
804 3941 963 4012 exhibitio
980 3953 1042 4014 etc.
1060 3953 1095 4013 ot
1111 3947 1144 4013 in
1162 3944 1356 4033 precedenti
1370 3955 1465 4024 usque

347 4041 469 4111 mentio
479 4043 523 4112 sit
532 4043 698 4114 babendo.
709 4046 871 4127 Quocirca
881 4053 1086 4124 universitati
1095 4063 1207 4124 vestre
1215 4043 1466 4142 parapostolis

348 4149 473 4234 scripta
493 4153 688 4222 mandamus
699 4163 882 4240 quantenus
893 4161 1032 4229 eundem
1048 4163 1088 4232 G.
1105 4171 1265 4251 tanquam
1280 4169 1467 4238 Procurato-

348 4277 419 4325 rem
435 4257 523 4326 dicte
534 4261 771 4346 strigoniensis
781 4267 1079 4354 Ecclesisanobis‚
1090 4277 1325 4366 utpredicitur,
1336 4279 1465 4348 ordina·

347 4371 427 4450 tum,
440 4367 596 4449 quamdiu
606 4374 868 4456 procurationem
878 4383 911 4444 et
921 4377 1241 4454 administrationem
1252 4386 1356 4472 ipsius
1366 4404 1468 4475 gesse·

344 4473 397 4554 rit,
413 4473 613 4557 recipientes
630 4477 750 4549 devote
775 4492 808 4553 et
823 4483 944 4555 devota
960 4487 1211 4562 honorificentia
1226 4503 1467 4580 prosequentes,

348 4579 454 4665 ipsius
480 4585 612 4656 monitis
638 4595 671 4654 et
696 4592 860 4661 mandatis
886 4597 1076 4668 salubribus
1094 4601 1261 4672 humiliter
1283 4604 1468 4676 intendatis.
