3094 5168
585 330 740 433 jol-

95 521 318 588 concessimus
330 523 469 608 litteras,
481 523 582 609 sigilli
594 527 699 592 nostri
715 527 891 592 munimine
903 525 1083 595 roboratas.
1097 531 1219 594 Datum

95 633 125 694 in
142 631 229 698 festo
246 631 351 698 Beate
366 635 565 714 Petronelle,
583 653 670 701 anno
699 634 829 700 Domini
847 635 895 702 M⁰
911 635 983 702 00⁰
1003 635 1218 719 nonagesimo

94 745 201 806 sexto.

94 933 310 1004 (Soaksdouott
322 934 437 1008 hertya.
451 936 494 992 An
507 935 566 994 irus
580 939 700 1008 snnyiro
716 939 899 1006 etmosodott
914 939 990 1012 hogy
1004 943 1071 1014 igen
1084 939 1166 1010 hsjos
1179 940 1219 994 hi-

91 1023 401 1096 btuanutelolvasn13
424 1029 587 1084 killiinh'sen
609 1047 627 1084 a
641 1028 772 1101 zelrjellel
786 1025 900 1085 ellstott
922 1029 1077 1086 suavuksrt
1091 1030 1136 1099 jot
1155 1047 1219 1084 nem

94 1113 238 1170 lllhatok.
253 1116 279 1170 A
292 1114 357 1188 meg
370 1114 407 1187 ep
419 1115 521 1186 peoset
545 1116 632 1190 shrge
645 1119 771 1188 selymsn
786 1116 866 1190 regg.
880 1115 1162 1190 Pozsonyhrlptslsni
1177 1135 1219 1172 or-

221 1205 326 1277 szlgos
339 1205 464 1264 levelttr
478 1207 575 1278 Capsa
587 1207 664 1264 XlV.
680 1209 763 1262 Ferro,
778 1208 822 1262 10.
839 1205 907 1263 Nro.
922 1209 964 1265 16.
981 1209 1100 1273 Kaous.)

624 2074 702 2140 104.

95 2270 124 2336 Δ
139 2274 295 2360 possonyr'
309 2271 467 2359 lrdptolao
482 2271 762 2360 bizooysdyleoele,
786 2293 807 2336 α
821 2271 1011 2358 sehiotperpi
1033 2272 1147 2363 laepyeo
1162 2280 1219 2342 mt-

94 2380 154 2446 oelt
163 2379 325 2446 niwelen
342 2381 493 2445 tuttundo
500 2379 639 2446 reodoruls
648 2403 687 2444 oz
698 2378 961 2445 udomtsototrat
972 2389 1026 2444 tett
1035 2383 1219 2471 mepdllapt·

535 2487 666 2552 lowel.
687 2488 782 2552 1296,

205 2689 276 2757 Nos
293 2685 480 2772 Capitulum
505 2687 655 2754 Eeulesie
670 2685 883 2755 Posoniensis
907 2685 1127 2771 significamus
1151 2689 1220 2758 vrri-

93 2796 215 2882 nersis,
232 2796 353 2880 quihus
370 2795 506 2882 expedit
522 2814 582 2879 per
597 2799 786 2880 presentes,
807 2793 893 2878 quorl
909 2794 1093 2863 constitutis
1109 2817 1220 2882 perso·
1323 2868 1327 2873 ,

94 2906 219 2972 naliter
245 2924 354 2973 eoram
380 2903 476 2972 nohis
502 2904 654 2972 iohanne
671 2909 705 2970 et
720 2905 817 2970 Petro
843 2901 923 2988 fittjs
946 2903 1138 2986 Benedicti,
1163 2907 1219 2976 Jo-

95 3011 207 3080 hanne
221 3019 253 3078 et
270 3012 404 3080 Andrea
429 3009 508 3094 filijs
525 3009 677 3076 Nioholoi
694 3009 735 3076 de
761 3009 877 3078 Raoha
886 3061 895 3095 ,
912 3010 1040 3077 Jseoho
1064 3011 1131 3079 filio
1148 3014 1218 3082 Ste-

94 3119 209 3206 phani,
227 3127 295 3186 tam
312 3140 371 3205 pro
389 3138 444 3200 se,
462 3137 560 3200 quam
578 3137 636 3202 pro
653 3117 754 3184 fratre
775 3137 834 3184 suo
852 3117 948 3183 Petro
965 3116 1031 3184 filio
1049 3119 1162 3186 Roehs
1177 3124 1219 3190 ab

94 3250 162 3296 una
178 3237 291 3317 parte;
309 3232 378 3295 tam
390 3228 517 3295 niuibus
529 3225 742 3294 Posoniensis
752 3225 908 3310 ciuitatis,
919 3243 1017 3308 quam
1035 3228 1219 3314 hospitibus

95 3340 138 3406 de
154 3335 291 3405 Austria
316 3342 350 3401 et
366 3337 513 3422 Vngeria
528 3335 571 3404 eh
596 3335 724 3418 altera3
752 3333 838 3406 idem
863 3333 1031 3404 lohannes
1057 3344 1089 3401 et
1105 3337 1220 3404 Petrus

96 3445 157 3530 filij
175 3445 359 3527 Benedioti,
377 3450 410 3511 et
426 3444 527 3511 eeteri
542 3443 701 3510 nominati
726 3461 827 3528 sopra
852 3449 928 3508 sunt
944 3441 1089 3511 ooniessi
1099 3494 1108 3528 ‚
1134 3444 1219 3528 quod

95 3554 177 3623 lieet
192 3554 335 3622 materia
351 3552 532 3635 questionis
548 3553 634 3619 inter
651 3553 741 3638 ipsos
757 3551 923 3637 predictos
941 3552 1077 3636 nobiles,
1094 3551 1220 3620 soilioet

97 3661 282 3731 iohannem
300 3665 334 3725 et
352 3661 482 3726 Petrum
499 3667 532 3726 et
548 3659 631 3728 alios
648 3665 860 3744 prenotatos,
886 3665 917 3724 et
930 3659 1020 3727 eines
1044 3661 1219 3730 Posonien-

95 3789 150 3838 ses
168 3775 203 3838 et
219 3769 379 3856 hospites,
395 3789 495 3855 super
511 3767 697 3838 extorsione
713 3769 851 3854 pecunie
867 3770 1019 3852 aliqualis
1035 3769 1078 3836 sit
1095 3778 1219 3852 exorte,

95 3879 230 3946 tandem
252 3885 385 3964 propter
401 3881 518 3946 honum
535 3877 627 3962 panis
642 3878 705 3963 ipsi
721 3876 793 3959 duo,
811 3875 969 3944 videlieet
984 3878 1100 3946 Petrus
1117 3885 1149 3945 st
1164 3879 1219 3948 Jo-

94 3986 225 4056 honnes
241 3990 274 4051 et
290 3985 391 4054 ueteri
408 3983 568 4070 predicti,
587 4003 659 4051 oum
676 3985 801 4053 eiuihns
818 3993 851 4053 et
866 3985 1053 4072 hospitibus
1070 3989 1103 4055 in
1119 3989 1219 4056 talem

95 4096 189 4180 peois
208 4093 417 4162 eoncordiom
429 4093 660 4162 deuenissent:
677 4093 770 4172 Quod
782 4113 896 4162 omnes
913 4096 1004 4163 eines
1016 4103 1049 4162 st
1062 4096 1219 4180 hospites,

96 4203 203 4285 quiin
219 4207 330 4270 monte
347 4205 487 4291 ipsomro
505 4201 704 4288 Sehintpsrg
719 4209 838 4270 voeeto
863 4203 980 4272 vineoe
1007 4203 1153 4286 hahent,
1178 4203 1219 4269 de

95 4319 207 4380 oetero
225 4311 349 4381 nnllam
376 4309 586 4378 exaooionem
605 4312 657 4378 uel
673 4313 846 4378 collectam
862 4313 910 4378 eis
936 4313 1064 4379 soluere
1083 4317 1219 4378 tensen-

96 4431 157 4501 tur‚
176 4419 243 4485 nisi
260 4420 423 4488 eihriones
450 4419 613 4504 ipsorum,
641 4435 722 4501 qnos
739 4423 877 4485 eotenus
896 4418 937 4484 de
962 4418 1105 4502 qualibet
1123 4420 1220 4488 vinea

96 4528 265 4596 mediante
283 4527 415 4596 iusticia
432 4531 588 4596 consueto
613 4547 701 4594 moro
718 4526 867 4609 usquein
885 4527 971 4593 hune
987 4525 1075 4594 diem
1091 4530 1219 4613 soluere

97 4643 359 4714 eomueuerunt3
377 4644 411 4703 et
426 4635 540 4704 eedem
551 4634 704 4702 libertate
715 4635 863 4721 gaudere
875 4634 1027 4720 debeant,
1047 4636 1217 4718 qualibet-

152 4777 574 4824 uonounuue.n1sr.ornn-ro.
1019 4763 1057 4828 11
