3130 5158
907 390 951 459 82

850 480 1007 494 Q*—

374 605 469 658 eessa
484 597 570 678 sunt,
586 589 780 658 inconuulsa
794 605 972 657 sudamus.
994 589 1044 658 Ea
1059 587 1191 675 propter
1207 586 1252 656 ad
1267 589 1490 656 uniuersorum

372 699 523 768 noticiam
539 701 653 768 harum
670 699 754 766 serie
770 699 917 765 volumus
934 697 1120 782 peruenire,
1138 697 1227 780 quod
1245 715 1317 763 oum
1334 715 1397 762 nos
1414 715 1490 762 cou-

372 809 477 874 stricti
492 807 636 890 suscepti
653 805 822 893 regiminis
837 805 969 887 aculeis,
986 805 1099 874 habito
1116 803 1253 874 consilio
1269 805 1414 871 omnium
1430 805 1490 869 Ba·

371 933 484 981 renum
499 921 681 982 nostrorum
696 913 865 982 nobmcum
882 913 1113 998 assidencium,
1126 915 1298 982 uniuersos
1316 913 1443 981 Olacos
1460 911 1489 975 in

369 1023 633 1110 possessionibus
649 1023 815 1108 nobilium,
833 1025 886 1091 roi
903 1024 1121 1109 quorumlibet
1139 1023 1277 1092 aliorum
1292 1023 1488 1098 residentes,

373 1149 413 1200 ac
428 1127 575 1218 predium
590 1138 735 1200 nostrum
751 1130 878 1219 Regale
904 1131 1029 1200 Scelues
1044 1138 1214 1214 vocatum,
1241 1129 1489 1200 ordinassemus

369 1239 538 1323 reuocari,
562 1239 675 1307 reduci
699 1247 733 1306 ct
757 1241 862 1306 eciam
888 1239 1042 1325 compelli
1067 1240 1176 1308 redire
1192 1239 1331 1323 inuitos,
1358 1239 1388 1306 si
1405 1237 1488 1304 forte

369 1353 482 1413 nostre
498 1347 531 1414 in
548 1345 609 1414 hac
625 1353 719 1434 parte
735 1367 800 1416 nou
816 1347 1065 1432 acquiescerent
1089 1365 1207 1434 parere
1228 1345 1394 1434 jussionj3
1413 1345 1489 1428 quia

372 1461 483 1522 umen
499 1451 594 1520 nobis
605 1455 750 1522 constitit
759 1449 937 1540 evidenter,
948 1455 1113 1524 dominum
1123 1453 1314 1524 Ladislaum
1325 1454 1488 1536 quondam

368 1561 615 1631 serenissimum
630 1563 755 1650 Regem
780 1563 949 1651 Huugarie
964 1563 1167 1631 carissimum
1184 1563 1317 1630 irenem
1341 1568 1488 1628 nostrum

368 1673 558 1760 patruelem,
575 1669 730 1758 Capitale
747 1671 899 1740 Albensis
924 1669 1073 1741 Ecclesie
1088 1668 1334 1752 '1¹1snssiluane,
1356 1667 1400 1734 ob
1417 1689 1486 1736 suo-

367 1797 437 1846 mm
451 1778 676 1849 remissionem
687 1787 892 1867 peccaterum
903 1779 1089 1848 huiusmodi
1105 1779 1299 1848 donacionis
1314 1777 1487 1862 beneficijs

368 1889 566 1973 excrevisse,
581 1893 616 1954 ut
632 1887 665 1956 in
681 1889 876 1971 quibusdam
901 1890 996 1956 terris
1013 1888 1118 1976 ipsius
1145 1887 1287 1976 Capituli
1303 1883 1440 1974 Fylesd,
1457 1889 1486 1948 ct

366 1997 464 2066 Enud
478 1997 618 2080 nopotis,
635 2016 657 2063 a
672 1997 769 2063 terris
795 1997 1040 2084 episcopalibus
1064 1995 1228 2066 distinctis
1253 2001 1286 2063 et
1310 1992 1483 2078 separatis,

366 2105 541 2192 sexaginta
555 2105 743 2172 mansiones
759 2103 930 2174 Olaccrum
947 2105 1047 2173 libere
1064 2112 1098 2172 et
1112 2123 1227 2172 secure
1243 2105 1379 2174 ualeant
1397 2119 1479 2167 com·

366 2217 508 2298 merari,
532 2215 576 2282 ab
600 2215 750 2296 omnique
766 2215 945 2284 exaccione
969 2235 1028 2284 seu
1050 2215 1190 2282 collecta
1205 2211 1335 2300 Regali,
1355 2209 1481 2278 scilicet

366 2323 656 2410 quinquagesima,
673 2321 802 2392 decima
816 2325 871 2390 uel
888 2342 1082 2407 quacunque
1107 2323 1185 2408 alia,
1202 2321 1305 2407 iidem
1320 2315 1416 2386 Olaci
1432 2335 1481 2382 cx·

366 2439 469 2498 torres
485 2429 667 2500 habeantur
683 2429 816 2514 penitus
832 2438 865 2498 et
882 2430 1052 2512 immunes,
1069 2437 1165 2516 prout
1179 2431 1241 2496 tec
1253 2427 1364 2496 omnia
1378 2427 1412 2492 in
1431 2423 1477 2489 lit-

363 2537 442 2607 tcris
453 2538 591 2624 predicti
603 2536 702 2624 Regis
718 2537 864 2606 Ladinloi
881 2537 1003 2606 exinde
1016 2540 1183 2622 conlectis,
1200 2545 1233 2604 et
1244 2533 1479 2604 eciamncstris

365 2643 632 2714 confirmantibus
643 2654 790 2714 tenorem
799 2647 965 2715 literarum
981 2647 1151 2726 memorati
1162 2645 1273 2732 Regis,
1286 2643 1475 2728 plenissime

364 2753 503 2822 vidimus
529 2752 699 2822 contineri.
716 2755 784 2818 Nos
804 2741 1011 2822 attendentes
1026 2755 1112 2824 hauc
1128 2753 1346 2822 donacionem
1370 2773 1392 2820 a
1407 2769 1476 2834 pre·

363 2860 432 2928 lato
447 2859 536 2948 Rege
552 2858 708 2930 Ladiclac
725 2861 899 2932 salubriter
916 2881 990 2932 esse
1007 2863 1139 2946 iactam,
1157 2881 1229 2928 cum
1246 2860 1394 2927 Ecclesia
1411 2877 1477 2942 pre

364 2969 457 3036 cibus
472 2967 590 3052 magis,
605 2987 700 3050 quam
710 2968 852 3040 humano
863 2971 985 3038 auxilio
1000 2977 1144 3038 nostrum
1160 2969 1330 3055 imperium
1340 2973 1475 3045 tucatur,

364 3082 396 3142 et
408 3075 450 3141 cb
460 3074 523 3144 hcc
532 3071 669 3160 predicti
679 3075 780 3162 Regis
790 3077 939 3146 Ladiulai
950 3078 1100 3162 uestigijs
1110 3077 1144 3144 in
1157 3077 1219 3145 hac
1229 3081 1321 3163 parte
1332 3075 1476 3142 inherere

365 3184 542 3270 cupientes,
554 3181 770 3250 donacionem
780 3187 1172 3271 sexagintamausionum
1184 3183 1365 3266 Olacorum,
1375 3185 1476 3251 abeo·

362 3289 437 3356 dem
453 3288 601 3374 predicte
619 3289 771 3376 Capitale
787 3293 919 3376 factam,
944 3297 1049 3360 ratam
1065 3293 1223 3362 habemus
1247 3299 1280 3358 et
1296 3297 1473 3374 acceptam,

363 3395 424 3464 sub
440 3395 699 3478 coimmunitate,
709 3397 847 3467 liberate
857 3406 890 3464 et
903 3399 1113 3486 plenitudiue,
1131 3418 1193 3482 quc
1203 3399 1350 3484 superius
1367 3398 1474 3480 singil-

362 3503 467 3590 latim,
482 3511 515 3571 et
529 3505 717 3592 expressius
727 3505 920 3592 explicatur,
937 3527 1075 3592 eamque
1085 3499 1284 3578 ¹auctoritate
1300 3507 1401 3574 nostri
1415 3507 1474 3593 pri·

362 3611 478 3698 nilcgii
489 3611 724 3680 confirmamus.
736 3611 828 3681 Vnde
839 3616 986 3683 volumus
1002 3621 1036 3680 et
1051 3615 1256 3701 precipimus,
1273 3612 1473 3697 quodnullcs

361 3723 569 3790 collectorum
594 3741 653 3788 ssu
679 3733 865 3791 exactorum
892 3725 1026 3809 Regalis
1054 3723 1182 3792 decime
1207 3743 1264 3794 eeu
1280 3726 1472 3810 quiuquage-

362 3829 446 3898 sime
462 3832 516 3897 uel
532 3828 743 3900 collectarum
759 3831 977 3917 quarumlibet
995 3851 1056 3918 pro
1071 3839 1216 3918 tempore
1232 3833 1472 3900 constitutorum

361 3935 506 4007 Olachos
521 3937 625 4023 ipsius
641 3937 794 4023 Capituli,
812 3939 846 4006 in
862 3939 980 4008 litteris
1005 3939 1074 4006 suis
1090 3939 1240 4026 superius
1264 3941 1472 4026 comprehen-

361 4047 408 4114 sis
423 4046 603 4113 residentes
614 4063 716 4128 usque
728 4065 894 4115 nnmerum
904 4047 1071 4134 prefixum,
1083 4048 1204 4118 audeat
1221 4049 1407 4132 molestare,
1417 4066 1471 4112 uec

361 4154 676 4241 quinquagesimam,
688 4155 858 4240 decimam,
875 4175 932 4224 seu
949 4156 1159 4226 exaccionem
1183 4155 1282 4226 aliam
1299 4155 1472 4238 quamlibet

362 4263 495 4352 exigere
510 4273 678 4349 presumat
703 4265 745 4331 ab
761 4263 889 4332 iisdem.
916 4266 958 4332 Vt
974 4267 1071 4350 igitur
1087 4264 1183 4350 hujus
1203 4273 1314 4332 nostre
1329 4263 1470 4331 ratihibi·

363 4371 469 4442 cionis
485 4378 519 4440 et
528 4371 789 4443 confirmacionis
803 4373 915 4457 series,
932 4377 1029 4444 robur
1045 4373 1193 4458 optineat
1208 4379 1365 4456 perpetue
1381 4370 1469 4437 lirni-

359 4481 455 4563 tatis,
472 4501 532 4549 nec
559 4501 715 4568 processu
730 4489 910 4566 temporum
926 4481 960 4548 iu
976 4483 1100 4548 irritum
1116 4480 1219 4565 possit
1228 4479 1387 4566 reuocari,
1404 4499 1467 4566 pre

360 4597 473 4658 sentes
497 4593 715 4661 concessimus
742 4591 869 4658 litteras
894 4589 1034 4677 duplicis
1049 4587 1152 4675 sigilli
1168 4590 1270 4657 nostri
1297 4588 1466 4656 munimine

357 4701 538 4773 roboratas.
555 4701 678 4774 Datum
695 4715 884 4786 permanes
900 4699 1036 4770 discreti
1050 4697 1113 4766 riri
1129 4697 1278 4785 magistri
1294 4695 1464 4784 Theodori,
1540 4719 1541 4740 ¹
