3130 5158
88 1129 126 1195 A
141 1131 293 1216 ponzenyi
316 1129 471 1215 kdptulau
497 1125 773 1212 bizouysa'pleaale,
798 1125 877 1211 bopy
891 1123 1023 1210 Aptera,
1049 1125 1218 1190 moravam·

91 1238 220 1305 Clruma
231 1241 307 1323 aseja,
324 1233 435 1300 Anaua
450 1233 721 1320 navaleaolpa'ldjdt
738 1233 1102 1319 saubadddboesdjtotta.
1119 1232 1215 1298 1293.
1299 1277 1305 1296 ,

500 1433 539 1498 A.
645 1433 680 1494 B.
789 1430 823 1497 (l.

208 1579 377 1646 Vniuersis
394 1576 514 1645 Christi
539 1574 690 1643 fidelibus
707 1583 878 1664 presentes
904 1576 1032 1645 litteras
1054 1579 1216 1663 inspuetu-

96 1689 147 1756 ris
162 1686 348 1772 Capitulum
375 1685 521 1753 Eeelesie
537 1685 750 1752 Potoniensis
777 1686 916 1753 salutem
943 1686 976 1752 in
996 1687 1143 1755 Domino.
1168 1687 1217 1752 Ad

96 1797 325 1864 uniuersorum
342 1796 494 1864 noticiam
520 1807 632 1860 tenore
648 1793 853 1878 presentium
869 1796 1017 1861 volumus
1034 1796 1216 1880 peruenire,

97 1905 188 1988 quod
205 1904 477 1988 dominaAglent,
494 1923 575 1970 uxor
587 1903 712 1970 Gbama
728 1903 770 1969 de
780 1902 940 1985 Vruzvtr,
956 1902 1131 1968 constituta
1146 1921 1216 1990 per-

96 2014 258 2080 sonaliter
274 2032 384 2079 caram
401 2013 509 2098 nobis,
526 2011 691 2093 quandam
705 2011 862 2078 ancillam
887 2031 978 2078 suam
995 2011 1107 2077 Annua
1123 2029 1219 2077 noea-

97 2131 181 2202 tam,
197 2121 296 2188 filiam
315 2120 521 2206 Margarethe
532 2119 679 2186 similiter
695 2120 814 2184 aneille
831 2127 1057 2204 aue‚tempore
1068 2119 1220 2186 tradicio-

100 2231 155 2296 nis
172 2249 229 2294 sue
245 2248 354 2296 seeum
371 2227 524 2308 adduete,
542 2233 696 2310 presente
713 2228 828 2294 eodem
839 2226 965 2295 Obama
981 2229 1095 2293 marito
1111 2246 1169 2295 suo
1186 2237 1219 2294 et

101 2337 213 2406 Endre
229 2339 296 2406 filio
312 2335 459 2420 Renoldi‚
477 2337 531 2420 qui
546 2357 604 2422 pro
620 2357 657 2404 se
672 2343 705 2404 et
721 2358 779 2422 pro
794 2337 933 2406 Nicolao
943 2336 1045 2402 fratre
1060 2356 1119 2404 suo
1137 2357 1220 2403 eom-

100 2446 223 2532 paruit,
240 2451 271 2508 et
292 2444 395 2510 esiam
412 2443 616 2526 presentibus
632 2445 726 2510 Kene
745 2444 815 2509 filia
833 2423 901 2524 sua,
920 2463 960 2509 ae
969 2441 1096 2510 Thema
1111 2443 1152 2512 de
1168 2465 1221 2513 ea·

103 2557 178 2622 dem
196 2555 350 2636 Vruzvar,
368 2553 483 2620 marito
500 2554 602 2638 ipsius
619 2551 685 2620 filie
711 2573 770 2618 sue
796 2553 1078 2620 eonseneientibus
1104 2562 1136 2618 et
1152 2547 1221 2638 per'·

103 2663 310 2730 mittentibus
334 2667 517 2744 spontanea
541 2665 710 2728 voluntate
726 2683 786 2748 pro
803 2681 861 2727 ane
870 2715 879 2748 ,
897 2667 1131 2746 parentumque
1148 2681 1221 2728 suo·

101 2789 174 2836 rum
193 2769 374 2836 animarum
391 2767 536 2834 remedie
551 2770 584 2836 in
601 2771 704 2836 nostri
720 2772 892 2855 presencia
909 2770 1096 2837 manumisit
1111 2775 1143 2836 et
1159 2778 1223 2836 tra-

71 2919 75 2926 ·
105 2877 190 2945 didit
205 2882 361 2963 perpetue
376 2875 522 2942 libertati
539 2877 573 2942 iu
590 2875 673 2942 filios
690 2875 836 2944 tiliorum.
854 2875 946 2942 Dans
963 2877 1067 2944 eidem
1085 2883 1116 2942 et
1132 2875 1220 2944 omni

104 2985 296 3074 posteritati
313 3004 370 3051 sue
387 2983 568 3066 ubieunque
594 2991 626 3050 et
643 2986 732 3068 apud
748 3003 957 3068 quoscunque
979 2986 1119 3052 uoluerit
1134 3005 1219 3050 uom-

105 3093 260 3162 morandi
277 3092 413 3159 liberam
430 3091 628 3174 facultatem,
643 3093 822 3175 obligando
848 3113 902 3175 se,
928 3095 1017 3179 qued
1042 3095 1222 3179 qnieunque

108 3221 270 3288 processu
296 3207 472 3284 temporum
512 3200 650 3267 eandem
676 3203 790 3268 Annus
816 3203 990 3270 uaeasione
1024 3201 1223 3270 condicionis

108 3307 443 3397 pristineintenderet
455 3308 593 3375 forsitan
604 3311 790 3394 molestare,
802 3309 1091 3394 predietadomina
1102 3311 1224 3393 Aglent

109 3417 277 3486 tenebitur
294 3436 365 3483 eam
382 3415 555 3485 defendere
572 3424 604 3484 et
619 3419 702 3486 tueri
718 3417 859 3504 propriis
869 3419 1036 3488 laboribus
1054 3427 1087 3486 et
1103 3439 1222 3504 expen-

110 3529 168 3596 sis.
193 3527 315 3592 Datum
332 3526 364 3590 in
384 3524 468 3591 festu
485 3525 595 3593 Sancti
606 3525 729 3592 Vrbani
746 3529 848 3613 Pape,
861 3547 948 3593 annu
958 3525 1090 3593 Domini
1105 3527 1146 3592 ill.
1159 3525 1222 3594 OG.

108 3635 324 3718 nonagesimo
347 3633 457 3700 ternio.

109 3847 246 3920 (flertya.
261 3843 438 3917 Ugyanesalr
452 3843 557 3916 hdrtya
571 3849 713 3918 szalagrdl
727 3846 845 3922 leffiggd
858 3845 894 3920 dp
907 3845 1057 3920 peeedttel.
1083 3848 1227 3918 Poasony-

144 3935 300 4008 kdptalani
314 3935 451 4009 ersadgos
464 3937 586 3994 levdltdr
599 3937 695 4011 Capsa
707 3938 784 3996 XIV.
797 3941 880 3996 Faue.
894 3938 936 3996 23.
949 3940 1017 3996 Nro.
1031 3939 1056 3994 3.
1075 3939 1187 4008 Karrea.)

533 4235 804 4247 —Q—-q
