3072 5168
633 945 686 1015 ld·

91 1149 162 1212 ΙΙΙ.
178 1147 289 1212 Ersdre
303 1147 411 1234 leirdly
434 1148 620 1234 denepelyes
629 1143 805 1232 foetoribus
830 1143 938 1208 adelti
952 1164 1018 1228 step
1042 1160 1114 1209 acts
1138 1140 1211 1206 ado-

523 1258 661 1342 mdnydl.
681 1254 778 1319 1295.

204 1434 353 1504 Andreas
364 1435 426 1504 Dei
436 1435 550 1520 grania
558 1433 739 1521 Hungarie,
749 1433 930 1518 Dalmaeie,
942 1433 1089 1520 Groneie,
1102 1434 1214 1512 Rome,

94 1543 224 1630 Seruis,
242 1545 401 1629 Gallicis,
418 1543 623 1628 Ledomerie,
643 1543 806 1627 Bulgnrie‚
825 1543 1046 1626 (inmaniaque
1062 1546 1133 1611 Rex
1149 1564 1214 1610 em·

94 1653 195 1718 nibus
213 1651 335 1718 Christi
352 1651 504 1719 fidelibus
530 1659 701 1740 presentes
717 1651 846 1720 litteras
863 1652 1061 1736 inspecturis
1078 1651 1215 1718 salutem

93 1760 129 1828 in
139 1760 283 1828 Domine
300 1757 540 1843 sempiternam.
554 1758 603 1824 Ad
614 1757 836 1826 uniuersorum
847 1759 1005 1828 noticiam
1014 1767 1129 1826 tenore
1145 1777 1216 1844 pre·

95 1871 244 1939 sencinm
261 1869 599 1960 nolumusperuuenire
610 1875 676 1934 tem
694 1869 899 1954 presencium
911 1889 1009 1952 quem
1027 1868 1217 1956 futurorum,

95 1977 187 2063 qnod
202 1977 403 2046 venerabilis
413 1987 508 2063 peter
518 1975 716 2044 Benedictus
733 1977 797 2044 Dei
812 1978 924 2060 gracia
935 1977 1118 2065 Episcopus
1134 1975 1218 2044 Albe

95 2087 284 2173 Bulgarioe,
302 2085 503 2153 secretarius
532 2094 564 2153 et
580 2085 698 2154 Comes
721 2085 856 2172 (inpelle
872 2091 1001 2169 nostre,
1030 2083 1169 2154 dilectus
1185 2091 1218 2151 et

97 2195 207 2264 fidelis
224 2201 334 2262 nester
357 2197 398 2262 ad
414 2205 559 2262 nestram
584 2197 803 2282 personaliter
821 2197 984 2264 accedens
999 2197 1218 2282 presenciam,

97 2303 250 2370 exhibuit
267 2303 362 2372 nobis
374 2309 527 2388 patentes
554 2306 683 2373 litteras
700 2313 830 2372 nostres
853 2323 954 2389 snper
970 2304 1111 2388 quadem
1134 2308 1221 2370 terro

95 2413 389 2480 wdvornieinestri
400 2413 853 2500 Iwnnkenocatneonfeetss,
870 2419 986 2496 petens
1003 2409 1130 2481 anobis
1147 2430 1219 2478 enm

96 2522 283 2607 instancia,
299 2528 335 2588 vt
351 2539 408 2587 ens
425 2529 515 2588 ratas
534 2521 656 2590 babere
673 2521 892 2606 dignaremur,
912 2528 944 2589 ot
959 2525 1071 2588 nostro
1088 2517 1221 2605 priuile-

97 2630 154 2717 gio
173 2627 374 2697 confirmare.
398 2625 542 2706 Quarum
560 2629 691 2712 quidem
707 2627 887 2696 litterarum
904 2637 998 2697 tenor
1014 2627 1092 2695 telis
1108 2635 1177 2696 est:

207 2741 278 2806 Nos
295 2737 446 2806 Andreas
472 2737 534 2803 Dei
560 2739 673 2824 gracia
689 2739 759 2804 Rex
774 2738 942 2822 Hungarie
958 2736 1020 2806 stb.
1042 2740 1222 2813 (teredenis

98 2855 149 2910 111.
168 2853 320 2909 Endrdnelr
338 2853 387 2907 74.
405 2872 442 2907 sz.
460 2869 485 2906 a.
503 2852 575 2926 spen
590 2853 687 2908 kdndlt
702 2853 864 2925 okmlnnyaae)

206 2955 277 3020 Nos
303 2952 415 3036 itaque
443 2953 664 3037 peticionibus
689 2953 792 3040 ipsius
816 2951 1015 3022 venerabilis
1041 2951 1146 3038 patris
1163 2953 1220 3020 de-

98 3061 179 3129 mini
195 3061 367 3128 Benedicti
384 3063 542 3149 Episcopi
568 3062 662 3129 iustis
672 3115 681 3148 ‚
707 3062 862 3147 legitimis
880 3068 913 3128 et
930 3061 1088 3129 modestis
1108 3078 1222 3129 sesen-

98 3195 170 3243 sum
198 3169 414 3238 leuornbilem
443 3170 661 3253 adhibentes,
698 3171 924 3256 intuentesque
948 3171 1040 3256 ipsos
1071 3176 1222 3254 patentes

98 3283 229 3348 litteras
246 3286 377 3344 nostres
395 3287 458 3345 nen
477 3299 582 3365 rasas,
600 3299 662 3345 nen
681 3280 892 3364 cancellatas,
919 3297 979 3345 nee
995 3277 1029 3346 in
1045 3277 1157 3362 sliqna
1173 3278 1223 3344 sni

98 3395 195 3474 parte
223 3385 384 3472 niciatcs,
412 3387 445 3451 in
462 3385 627 3471 publicam
654 3385 791 3454 formam
818 3387 979 3472 presentis
1004 3384 1168 3474 priuilegii
1183 3387 1224 3454 de

98 3497 201 3562 uerbo
219 3493 261 3560 nd
288 3495 421 3560 uerbum
447 3495 718 3566 transscribendo
736 3497 835 3562 inseri
849 3496 985 3564 fecimus
1008 3495 1079 3562 sinc
1094 3494 1225 3563 addita·

99 3614 211 3673 mente
228 3612 262 3670 ct
278 3601 510 3688 diminucione,
528 3612 560 3671 et
585 3605 783 3672 auctoritate
798 3603 1006 3688 presencium
1024 3604 1224 3672 communiri.

99 3717 136 3781 In
155 3713 250 3782 cuius
273 3713 322 3780 rei
349 3714 539 3780 memoriam
565 3720 822 3799 perpetuamque
847 3713 1031 3781 firmitatem
1057 3720 1226 3797 presentes

101 3825 208 3892 eidem
228 3823 452 3898 concessimus
473 3825 601 3889 litteras
627 3821 766 3908 duplicis
794 3823 896 3909 sigilli
921 3824 1025 3892 nestri
1051 3822 1226 3890 munimine

100 3935 287 4002 roboratas.
306 3927 426 3997 Datum
439 3953 496 4018 per
513 3953 630 4001 manus
643 3933 843 4002 venerabilis
861 3931 965 4018 patris
981 3930 1149 4000 Theodori
1164 3931 1226 3998 Dei

101 4042 218 4130 mania
235 4041 392 4126 Episcopi
403 4039 589 4110 lentiensis
600 4042 676 4136 aule
687 4051 796 4110 nostre
807 4041 1098 4126 viee-cancelarii,
1116 4042 1226 4111 dilecti

100 4159 133 4218 et
148 4149 256 4218 fidelis
283 4152 407 4235 uestri,
435 4169 522 4218 anno
539 4152 671 4218 Domini
690 4151 740 4215 Μο
765 4151 836 4220 00⁰
861 4150 1076 4236 nonagesimo
1103 4151 1226 4238 quinto,

101 4260 213 4344 quinto
229 4257 345 4326 Nonas
363 4259 486 4326 mensis
502 4259 600 4328 Junii.

293 4433 442 4506 (Eredetie
453 4455 472 4493 a
485 4435 648 4510 vesnprrlmi
661 4436 801 4511 kdptnlen
816 4433 1040 4506 levdltdrdban.)

550 4725 801 4737 m*
