3094 5168
606 995 678 1068 tot.

76 1212 110 1279 A
117 1216 275 1302 pozrooyi
288 1210 444 1302 reptata-n
459 1211 555 1280 Veros
564 1188 727 1279 demum
736 1215 889 1302 pouooyi
902 1211 1097 1302 uliepdaaak
1113 1210 1203 1281 leoti-

117 1321 153 1388 bc
161 1321 288 1410 soplalt
303 1323 442 1388 cereres
457 1325 559 1410 dtirja
575 1347 615 1389 az
631 1322 723 1389 atctt
731 1326 870 1412 jcpyzett
884 1323 1054 1390 cedmokct.
1071 1323 1171 1389 1296.

190 1539 260 1607 Nos
276 1537 461 1627 Capitulum
487 1538 636 1608 Ecclesie
652 1539 865 1609 Posoniensis
882 1537 1109 1626 significemus
1132 1539 1203 1606 vni·

80 1645 202 1731 uersis,
219 1646 336 1732 quibus
352 1647 507 1734 expedit,
522 1668 581 1733 per
596 1655 785 1736 presentes,
803 1647 890 1734 quod
906 1646 1069 1717 accedeus
1085 1647 1129 1718 ad
1146 1670 1203 1716 no·

78 1765 182 1824 stram
208 1758 416 1842 presenciam
445 1757 567 1826 nobilis
583 1760 633 1825 vir
657 1759 828 1830 lohannes
855 1758 941 1826 filius
966 1758 1137 1827 Benedicti
1162 1759 1203 1826 de

76 1852 203 1954 Okoly,
221 1864 314 1932 nobis
339 1867 467 1933 litteras
483 1865 636 1936 Abrahce
654 1865 740 1954 (tgy)
757 1867 836 1936 dicti
851 1864 924 1933 Rufi
940 1866 1084 1935 Ourialis
1100 1865 1204 1934 Ocuri·

75 1975 122 2041 tis
140 1975 351 2044 Posoniensis
367 1974 526 2061 exhibuit,
542 1976 629 2043 hune
646 1983 790 2045 tenorem
809 1976 1013 2046 continentes
1031 2001 1039 2043 ε

188 2083 313 2152 Amicis
339 2085 406 2152 suis
432 2085 619 2154 karissimis
643 2085 797 2172 Oapitclo
814 2085 1008 2154 Posouiecsi
1033 2085 1202 2155 Abrabam

76 2189 197 2257 Rufius
223 2189 365 2260 (luciolis
392 2192 509 2260 Comes
534 2194 746 2264 Posonieusis
771 2193 1023 2264 inclinacionem
1048 2213 1118 2260 cnm
1148 2193 1203 2259 bo·

76 2319 169 2369 nore.
186 2299 378 2368 dmiciciam
394 2308 537 2370 nestram
555 2301 696 2388 petimus
720 2309 752 2370 et
767 2321 922 2389 rogamus
932 2351 941 2386 ,
967 2305 1130 2384 quatenus
1146 2299 1200 2367 lit·

74 2417 169 2476 teras
186 2416 318 2476 nostras
334 2413 486 2494 patentes
514 2428 613 2495 super
628 2408 839 2495 possessione
855 2409 1019 2497 Symperg
1036 2413 1070 2474 et
1093 2409 1201 2477 altera

75 2516 222 2584 tiburlee
237 2523 367 2602 uocata,
382 2515 523 2584 filiorum
534 2515 714 2605 Benedicti,
730 2537 859 2586 necnon
875 2526 908 2585 et
923 2519 1050 2587 litteras
1066 2513 1200 2602 Regias,

75 2642 177 2714 super
193 2625 320 2694 eisdem
335 2625 603 2710 possessionibus
624 2632 805 2704 emanatas,
823 2627 941 2694 nesbis
958 2625 1136 2714 dignemini
1152 2625 1202 2692 lit·

74 2734 157 2802 teris
172 2733 437 2820 priuilegialibus
464 2735 682 2825 confirmare;
708 2735 799 2803 aliud
821 2735 925 2806 nostri
941 2737 1055 2822 gracia
1071 2753 1137 2802 non
1153 2733 1200 2803 ia·

75 2841 170 2910 cluri.
186 2841 309 2912 Datum
325 2841 358 2910 in
375 2842 552 2911 Dominica
565 2843 696 2914 ludica.

185 2953 261 3038 iliis
277 2951 390 3036 itaque
416 2953 573 3036 perlectis
588 2951 676 3021 idem
691 2953 860 3024 lohannes
884 2951 1009 3021 exibuit
1026 2950 1121 3019 nobis
1148 2949 1199 3016 lit·

75 3069 166 3128 teras
182 3061 412 3148 priuilegiales
429 3060 552 3141 domini
568 3061 731 3150 Ladiulay
755 3061 922 3147 quondam
939 3059 1082 3128 illustris
1097 3059 1198 3147 Regis

76 3169 234 3254 Vagarie,
251 3186 386 3252 quarum
403 3173 497 3238 tenor
514 3171 594 3238 telis
611 3179 686 3238 est:
983 3221 986 3228 .

183 3277 359 3348 Ladislaus
374 3277 438 3344 stb.
463 3283 938 3359 (kovetkezik1v.Ltszltkirtly
958 3283 1084 3340 rsus-ur
1101 3284 1198 3342 osmo-

76 3412 143 3468 nys,
159 3394 236 3466 mely
251 3391 398 3452 olsashstd
414 3391 651 3466 okncnyttrunk
666 3381 717 3452 IV.
733 3393 887 3450 kdteteben
905 3394 956 3450 39.
972 3389 1004 3464 l.)

183 3495 345 3564 sericea
361 3495 473 3580 utaque
489 3494 608 3564 sicceris
624 3495 888 3583 priuilegialibns
910 3479 1086 3580 diligenter
1096 3501 1135 3562 st
1150 3501 1197 3564 at-

73 3609 178 3691 tente,
195 3603 318 3676 nullam
335 3605 369 3671 in
385 3602 508 3670 eisdem
526 3603 710 3674 inueuimus
726 3624 876 3674 rasuram
892 3625 953 3672 neo
968 3605 1001 3671 in
1018 3603 1133 3688 aliqua
1147 3603 1199 3672 sui

69 3723 174 3801 parte
191 3713 359 3782 uiciatam.
383 3709 519 3780 Exibuit
535 3713 638 3782 eciam
654 3713 750 3780 uobis
773 3711 859 3782 idem
875 3711 1046 3782 lohannes
1063 3717 1095 3780 et
1111 3711 1198 3782 alias

77 3825 207 3896 litteras
223 3827 378 3910 patentes
395 3817 535 3905 predicti
551 3820 702 3890 Abrahee
719 3817 808 3888 Rusti
825 3820 966 3891 curialis
982 3820 1117 3890 Comitis
1136 3821 1197 3888 Po·

67 3931 253 4019 soriensis,
272 3927 383 4017 sigillo
401 3913 503 4014 ipsius
520 3927 695 4014 sigillatas,
712 3929 820 3998 inhec
836 3929 957 3999 uerba:

183 4043 256 4111 Nos
271 4037 438 4106 Abraham
454 4033 569 4102 Rufflis
586 4039 650 4108 sib·
667 4040 750 4115 (mint
764 4043 901 4100 fenntebb
919 4045 969 4100 92.
986 4063 1024 4099 su.
1041 4039 1080 4115 a.)

184 4149 328 4230 Quacum
345 4147 449 4216 eciam
466 4152 611 4214 tenorem
639 4145 816 4233 diligenter
832 4143 1141 4230 circumspicientes,
1165 4153 1199 4214 et

68 4257 202 4329 nullam
219 4245 254 4324 iu
271 4255 398 4326 eudem
411 4253 649 4338 abolicioncm,
675 4272 834 4338 rasuram,
850 4254 904 4320 uel
919 4252 1053 4338 aliquod
1077 4251 1197 4322 aicium

80 4367 224 4454 reperire
239 4364 410 4449 ualentes,
435 4359 651 4448 peticionibus
667 4361 771 4448 ipsius
797 4361 870 4428 Ruti
885 4360 1040 4430 Abrahae
1056 4358 1197 4428 (luciolis

81 4475 217 4546 Comitis
233 4471 449 4544 Posouiensis
474 4475 672 4554 annuentes,
689 4475 832 4538 tenorem
849 4477 915 4540 tam
941 4469 1074 4555 Regalis
1098 4468 1197 4556 priui-

76 4587 170 4672 ἰωή,
186 4603 285 4672 qnam
301 4583 406 4652 eciam
431 4587 579 4652 tenorem
595 4579 781 4666 potenciam
802 4577 985 4648 litterarum
1010 4579 1114 4667 ipsius
1131 4581 1201 4649 (lo-

76 4692 169 4764 mitis
183 4695 295 4766 Abrae
311 4692 354 4762 de
369 4690 470 4762 uerbo
496 4689 539 4762 ad
553 4689 688 4761 uerbum
704 4691 822 4760 nostds
847 4689 966 4760 litteris
983 4677 1195 4779 priuilegiali·
