3072 5168
557 365 711 468 Δί

71 566 103 628 ct
116 559 287 630 lobaoem
304 561 439 632 stabcm
462 580 556 632 snum
582 583 621 634 sc
647 563 790 636 ciusdem
812 563 950 638 horodes
975 567 1018 634 ab
1044 564 1194 636 omnibus

70 671 309 754 inquietarem
334 673 513 742 molestare
538 673 725 744 uolentibus
747 673 899 761 expedire
924 674 1068 760 proprijs
1084 693 1193 744 corum

72 780 245 849 laboribus
262 788 296 847 ot
319 781 483 870 expensis.
505 779 542 848 In
569 781 664 868 cujus
687 782 735 848 rei
751 783 938 852 memoriam
954 789 1051 868 atque
1067 781 1193 851 uberio-

73 909 143 955 rem
157 891 321 960 cautelam
338 897 509 977 presentes
524 889 745 958 concessimus
760 890 888 958 litteras
904 889 1004 978 sigilli
1020 893 1124 959 nostri
1140 912 1194 959 au-

74 998 211 1066 tbsntici
238 999 412 1067 munimine
429 999 610 1066 roboratas.
632 997 753 1066 Datum
769 997 802 1065 in
819 1000 943 1068 octavis
959 999 1053 1069 Beati
1069 1000 1192 1068 Micha-

74 1105 132 1172 elis
150 1107 366 1194 Archangeli,
377 1106 520 1176 secundo
531 1105 645 1174 Nonas
656 1106 811 1177 Octobris
828 1129 913 1178 anno
924 1109 1055 1177 Domini
1064 1109 1115 1177 Μυ
1124 1109 1193 1178 00⁰

73 1215 291 1300 nonagesimo
312 1218 424 1282 tercio.

262 1446 409 1520 (Ercdctis
423 1469 441 1507 a
454 1451 614 1524 roszprslmi
627 1449 769 1524 ktptalan
782 1449 1005 1522 levelttrtbcn.)

500 1787 765 1797 m*—

597 2405 658 2474 oo.

79 2657 162 2722 Mus
175 2655 297 2741 tirctyt
307 2609 748 2742 fb'loudsamcaterspozsoayo‘
757 2653 907 2743 stirpata,
924 2659 954 2721 ta
965 2656 1123 2723 deklcir.
1132 2657 1187 2742 fit

72 2763 259 2852 scgyomtlik
283 2785 305 2826 o
326 2764 472 2850 pomonyi
490 2761 684 2848 polycrates
707 2763 830 2849 ostdag
845 2765 963 2850 jopao'lc
986 2763 1188 2851 yyokorlatd·

376 2869 436 2936 tan
451 2869 637 2956 biatoattjctk.
664 2872 761 2937 1293.
787 2871 888 2936 aaut.

176 3123 346 3192 Vniuersis
364 3121 486 3190 Christi
498 3119 651 3188 fidelibus
662 3129 831 3208 presentes
849 3119 1187 3210 litterasinspecturis

78 3231 218 3302 llatbeus
233 3235 432 3317 agasonum,
450 3229 569 3298 (lomes
595 3230 815 3313 Posonicnsls,
841 3238 875 3298 at
891 3231 1007 3299 Obaak
1024 3229 1187 3301 Ensiloro·

77 3361 137 3408 mm
152 3339 306 3426 Magistri
322 3337 444 3404 domini
460 3339 581 3424 Regis,
607 3337 745 3405 salntem
773 3340 805 3403 in
821 3337 971 3408 Domino.
988 3339 1041 3407 Ao
1059 3342 1186 3406 uniuer-

78 3469 179 3516 sorum
196 3449 352 3514 noticiam
377 3455 490 3513 tenore
507 3449 712 3534 presencium
738 3449 887 3516 volumus
901 3449 1081 3536 peruenire,
1099 3450 1185 3534 quod

79 3579 132 3626 nos
150 3557 293 3646 judicem
321 3561 354 3622 st
377 3557 549 3624 uniuersos
565 3559 754 3624 coniuratos
771 3575 809 3623 ao
831 3559 918 3624 ciues
935 3558 976 3624 dc
993 3559 1136 3626 Posonio
1153 3560 1186 3627 in

78 3669 209 3751 propriis
225 3667 355 3751 legibus
381 3664 557 3732 eorundem
575 3673 609 3731 et
624 3665 774 3752 iuribus,
799 3685 857 3749 per
872 3667 1184 3734 Excellentissimum

79 3773 236 3842 dominnm
260 3779 405 3839 nostrum
434 3769 599 3839 Andream
631 3773 695 3839 Dei
720 3772 834 3858 gracia
865 3773 1028 3840 Illustrem
1059 3775 1183 3860 Regem

78 3881 236 3970 Hungaric
252 3880 376 3948 eisdem
392 3882 572 3965 concessis,
590 3879 753 3947 mediante
765 3879 831 3946 fide
848 3887 962 3948 nostra
978 3882 1183 3966 promisimus

78 3997 104 4054 ot
118 3989 333 4075 promittimus
359 4005 565 4072 conseruare,
581 3987 733 4053 uniuersa
758 3988 829 4054 iura
849 3986 882 4053 in
907 3987 1040 4072 nauigio
1065 3994 1179 4074 portus

77 4095 209 4166 Pernald
224 4119 297 4166 cnm
313 4098 422 4164 nantis
448 4104 481 4162 et
496 4095 635 4162 nauibus
656 4097 726 4162 siue
743 4095 864 4162 carinis
880 4103 980 4181 atque
997 4099 1112 4182 quouis
1129 4097 1180 4162 tri-

78 4205 155 4290 buto,
172 4213 206 4272 et
215 4205 359 4272 thelonio
368 4205 400 4272 in
412 4203 554 4289 quadam
565 4205 775 4290 possessione
786 4203 913 4290 Zcplalr
925 4212 1052 4292 vocata,
1066 4213 1099 4270 et
1110 4205 1182 4287 qoi-

77 4312 210 4382 buslibct
226 4311 422 4380 utilitatibus
439 4312 583 4380 ciusdem
601 4313 830 4399 possessionis,
844 4309 972 4380 eisdem·
982 4313 1108 4381 ciuibus
1123 4333 1181 4398 pa·

77 4421 157 4490 cilios
174 4422 405 4510 permittendo.
422 4423 465 4490 Ut
489 4427 597 4488 autem
614 4421 714 4504 ijdem
730 4418 770 4485 dc
789 4419 975 4488 huiusmodi
991 4423 1179 4507 promissio-

77 4529 158 4600 nibus
184 4529 304 4596 nostris
328 4529 508 4598 reddantur
523 4531 678 4596 certiores
695 4529 738 4598 ad
753 4529 851 4598 robur
869 4530 972 4614 ipsios
988 4531 1178 4614 pleniorem-

79 4654 130 4720 que
145 4639 333 4706 firmitatem
351 4645 520 4724 presentes
535 4637 662 4704 litteras
678 4643 809 4706 nostras
826 4638 946 4705 eisdam
961 4640 1178 4708 concessimus
