3082 5166
598 289 736 394 Q

113 489 254 560 eurobei
271 489 347 557 ollii
363 489 495 556 Henrioi
511 496 673 557 venerunt
690 486 748 574 (ed
763 491 887 576 Regem
896 487 939 576 i),
956 495 988 556 et
1004 489 1090 556 filius
1105 493 1214 557 vester

114 593 194 684 (onnr
210 595 312 684 illis);
328 595 475 665 Torehus
492 598 608 684 eooipit
633 598 734 666 liliam
748 597 881 666 Henriei
905 595 989 664 Beni
1014 597 1048 666 in
1065 616 1217 685 uxorem,

114 727 172 792 que
187 707 306 793 polone
322 713 381 786 est,
397 711 429 772 ei
445 724 542 788 quam
558 705 642 792 vidi;
660 713 694 774 et
708 727 759 774 me
774 707 820 775 ibi
836 707 995 775 existente
1010 707 1120 775 omnia
1137 727 1210 772 eon-

115 814 245 884 eordata
261 818 362 884 erant.
379 816 542 882 Mattheus
558 815 599 884 de
615 812 840 903 (Trenohinio)
865 815 911 883 ad
934 816 1090 882 mandate
1106 813 1220 903 Regis,

114 933 143 993 el
157 923 218 992 elii
243 923 334 990 multi
358 922 522 1009 Berones,
549 924 604 1006 qni
629 925 658 992 ei
681 924 811 990 inerant
835 923 975 991 rebelles
1001 929 1034 990 et
1058 923 1222 1008 infideles,

115 1033 266 1122 lipisoopi
289 1049 401 1100 omnes
419 1039 451 1097 el
466 1031 743 1119 Arehiepisoopns
762 1031 953 1124 Golooensis
978 1037 1054 1099 sunt
1079 1051 1150 1099 oum
1167 1032 1224 1102 do·

117 1144 197 1210 nino
213 1142 315 1228 Rege,
332 1146 365 1206 et
380 1140 474 1207 multi
489 1161 531 1208 ex
547 1141 595 1208 eis
611 1149 704 1210 erent
720 1141 862 1211 incuria
878 1141 1001 1226 (Regis,
1020 1137 1168 1230 dumiah
1185 1160 1223 1207 eo

116 1251 242 1318 recessi.
260 1251 331 1336 Ego
347 1247 431 1317 vodo
448 1249 492 1317 ad
510 1249 654 1336 Curiam,
678 1270 775 1335 quarn
793 1251 893 1318 oioius
910 1268 1063 1335 possum
1079 1249 1221 1328 lesistis,

116 1361 195 1444 qnod
212 1358 389 1427 eoncordia
404 1358 546 1428 firmetur
564 1379 636 1426 enm
653 1360 729 1427 eliis
746 1359 786 1425 de
803 1358 981 1426 Brundnlo.
1006 1360 1077 1424 Rex
1092 1359 1223 1426 Alema·
1273 1389 1275 1402 ·

116 1467 164 1535 nie
179 1467 271 1536 eirea
285 1468 406 1536 festum
421 1467 517 1533 Beati
531 1466 705 1536 Michaelis
731 1473 800 1534 erel
816 1462 976 1552 (Vienne;
1005 1473 1038 1532 et
1061 1467 1221 1552 promisit,

118 1574 199 1662 quod
216 1573 290 1661 suo)
316 1574 438 1642 auxilio
463 1595 575 1643 omnes
600 1579 746 1644 Berones
770 1573 918 1642 infideles
944 1582 976 1642 ei
1001 1572 1228 1642 inobedientes

118 1686 246 1754 domino
262 1685 344 1770 Regi
352 1685 522 1768 Hungerie
537 1691 594 1753 aut
609 1688 642 1752 vi
657 1692 715 1751 ont
725 1704 835 1753 amore
848 1682 891 1751 ad
909 1687 979 1771 ejus
998 1683 1224 1754 obedienciam

118 1794 254 1862 reducet
281 1794 322 1860 nt
337 1793 371 1858 in
396 1798 499 1860 estole
515 1794 627 1860 lotura
650 1792 790 1875 intendit
813 1791 1012 1861 descendere
1033 1795 1065 1858 in
1082 1789 1229 1880 (nunga-

117 1905 195 1972 riam
223 1909 339 1970 eontra
364 1900 455 1986 illos,
482 1900 552 1989 qni)
581 1921 646 1969 non
671 1910 747 1969 sont
770 1901 811 1968 de
834 1901 982 1988 pertibus
1008 1902 1080 1968 illis.
1107 1903 1240 1986 blegne*

118 2031 237 2097 guerra
255 2017 306 2079 est
320 2009 405 2078 inter
420 2009 583 2080 dominum
601 2011 827 2080 Patriereham
841 2010 1109 2097 Aquilegiensem
1124 2015 1157 2077 et
1175 2010 1231 2078 do·

118 2121 235 2187 ninum
252 2118 430 2191 lietardum
456 2119 497 2188 de
515 2120 671 2208 Gemin05
697 2129 729 2187 et
745 2119 895 2187 dominns
921 2116 1087 2187 Gerardus
1104 2117 1145 2184 de
1162 2120 1223 2188 Oe·
1314 2199 1317 2206 Ι

118 2229 219 2298 stellis
237 2235 287 2295 esi
303 2248 375 2295 eum
396 2249 518 2314 magne
534 2225 703 2317 (potencie
718 2227 752 2294 in
768 2224 865 2314 agro)
882 2227 1061 2302 Veronensi
1078 2247 1151 2292 oum
1168 2219 1230 2293 do·

117 2337 202 2404 mino
218 2338 407 2423 Pseneros,
434 2345 467 2405 et
483 2340 584 2405 mults
609 2347 720 2405 eastra
746 2336 786 2404 de
813 2337 961 2405 districto
984 2334 1228 2404 rebellaverunt

117 2445 246 2515 domino
262 2445 410 2514 Gerardo
427 2443 466 2514 de
484 2445 629 2514 damino.
659 2445 778 2513 Dolum
794 2443 944 2513 Veneoiis
965 2445 1019 2512 die
1034 2443 1152 2510 Xlllll.
1172 2444 1232 2512 Se·

117 2554 276 2640 ptembris
293 2537 419 2642 (1300).

120 2749 156 2822 (l
167 2749 282 2826 „Copia
296 2750 332 2808 de
345 2747 589 2809 Commemorisli“
610 2747 700 2807 onimil
719 2752 867 2808 velenczei
886 2749 1070 2822 illemkiinyv
1089 2751 1110 2806 1.
1123 2744 1233 2806 leobold-

561 2839 788 2912 mffifflm

543 3139 813 3159 -uq——u--m
