3144 5180
576 333 733 436 JK--

95 535 232 596 ternam.
257 529 311 599 Ad
327 529 549 598 uniuersorum
574 532 730 601 noticiam
752 535 865 595 tenore
889 525 1094 614 presencium
1117 525 1210 593 voln-

94 659 165 706 mus
181 639 374 725 peruenire,
402 641 488 723 quod
504 641 617 710 Abbas
643 649 677 708 et
693 641 880 708 Oonucotus
896 635 1085 703 Monasterii
1109 635 1210 702 Beate

96 747 237 832 Virginis
254 745 294 813 de
310 749 420 814 Monte
436 750 556 818 Sancte
571 751 674 818 Maris
691 747 733 816 de
749 745 880 816 Kedhel
896 742 937 810 ad
956 749 1101 811 nostram
1117 761 1209 810 acce·

93 853 200 922 dendo
231 857 433 940 presenciam
467 857 683 924 exhibuerunt
716 855 812 925 nobis
843 852 1012 938 exemplar
1045 849 1210 938 priuiicgii

94 961 240 1028 Ludislai
256 963 375 1050 Inclyti
391 965 492 1052 Regis
508 965 678 1052 Hungarie
694 960 852 1051 patruelis
867 960 978 1028 fratris
994 961 1095 1027 nostri
1110 976 1210 1045 super

92 1081 185 1139 terra
201 1069 313 1158 sydan
330 1075 669 1165 uocata'confectum‚
686 1079 836 1162 petentes
853 1089 874 1136 a
889 1068 984 1136 nobis
1000 1087 1071 1135 cum
1088 1068 1210 1136 instan-

93 1181 157 1267 cia,
174 1185 209 1246 ut
224 1199 284 1247 nos
305 1183 474 1268 exemplar
494 1183 599 1268 ipsius
615 1180 781 1270 priuilegii
792 1184 897 1246 ratum
914 1174 1038 1243 habere
1048 1181 1082 1244 et
1097 1181 1207 1244 nostro

92 1291 301 1375 dignaremur
315 1290 491 1377 priuilegio
517 1289 719 1359 confirmare.
744 1290 845 1358 Ouios
861 1285 988 1370 quidem
1016 1284 1211 1372 exemplaris

93 1398 259 1484 priuilegii
274 1404 369 1467 tenor
383 1402 522 1469 tulisset
538 1425 547 1467 ι

199 1510 269 1576 Nos
286 1506 464 1576 ladislaus
488 1511 553 1579 sib·
571 1514 749 1588 (ktvctkscik
770 1517 820 1574 lV.
836 1515 937 1572 Lssnlo
962 1513 1055 1586 kirtly
1084 1511 1212 1568 lust-ki

93 1622 262 1696 megero'sitti
290 1624 449 1697 okmtnya,
476 1626 551 1699 moly
567 1624 712 1682 olvsshat6
739 1622 974 1698 Okmtnytarunk
989 1621 1040 1678 IV.
1060 1619 1212 1677 kiiteteben

93 1731 141 1783 ru.
159 1727 192 1800 l.)

199 1831 270 1899 Nos
287 1831 398 1919 itaque
424 1836 632 1904 attendentes
657 1835 856 1922 peticionem
873 1831 1049 1902 eorundem
1071 1831 1211 1900 Abbatis

90 1944 123 2004 ct
139 1939 328 2010 Conventus
345 1944 538 2011 Monasterii
554 1943 595 2010 de
611 1945 719 2012 Monte
736 1941 857 2012 Sancte
872 1942 973 2010 Maris
995 1939 1065 2011 iore
1081 1940 1210 2028 iustam,

89 2049 407 2136 considerantesque
423 2053 593 2140 exemplar
607 2053 774 2140 privilegii
790 2053 935 2120 eiusdem
946 2051 1047 2138 Regis
1062 2048 1212 2118 Ladislai

88 2155 204 2224 fratris
220 2161 323 2228 nostri
339 2181 404 2228 non
429 2163 603 2248 abrasum,
623 2181 687 2228 non
705 2161 945 2248 cancellatum,
970 2177 1032 2227 nec
1046 2158 1080 2226 in
1100 2159 1213 2244 aliqua

88 2269 138 2334 sui
156 2275 256 2354 parte
281 2270 456 2359 viciatum,
483 2279 629 2340 tenorem
654 2270 798 2338 eiusdem
825 2271 867 2338 de
882 2271 985 2339 serbo
1004 2268 1049 2338 ad
1074 2267 1211 2336 verbum

86 2378 301 2461 presentibus
317 2379 484 2468 insertum,
501 2379 642 2446 maxime
658 2397 728 2445 cum
746 2379 947 2447 collaciones
963 2376 1210 2466 progenitorum

87 2494 274 2554 nostrorum
284 2486 446 2556 Ecclesiis
456 2487 518 2554 rite
535 2493 568 2552 et
582 2485 726 2573 legitima
737 2486 844 2554 factas
855 2485 1007 2553 noltimns
1018 2489 1212 2574 retractare,

86 2601 197 2660 ratum
211 2596 373 2664 habentes
394 2603 427 2664 ct
451 2601 634 2681 occeptum,
651 2595 853 2662 authoritate
871 2594 1075 2680 presencium
1102 2592 1212 2660 conflr-

85 2723 218 2774 mamus
229 2705 393 2792 dupplicis
403 2706 505 2790 sigilli
516 2705 621 2774 nostri
631 2702 807 2772 munimine
820 2702 1014 2775 roborando.
1024 2705 1144 2772 Datum
1155 2723 1213 2790 par

86 2833 208 2880 manus
225 2813 423 2881 venerabilis
441 2814 501 2880 viri
517 2811 666 2898 magistri
682 2810 846 2880 Theodori
861 2812 1026 2898 Prepositi
1044 2811 1211 2893 albensis,

84 2923 162 2988 aule
180 2925 294 2988 nostre
304 2921 596 2989 vicecancellarii
612 2920 725 2988 dilecti
741 2927 775 2987 ct
791 2919 898 2989 fidelis
911 2923 1026 3004 nostri,
1044 2941 1131 2988 anuo
1146 2920 1212 2987 Do·

84 3031 164 3098 mini
183 3030 362 3098 millesimo
380 3030 603 3099 ducentesimo
620 3031 958 3118 nonagesimoprimo,
975 3030 1088 3113 quinto
1107 3048 1211 3096 nonas
1266 3021 1269 3026 ’

84 3139 241 3226 Augusti,
259 3141 368 3227 Regni
383 3147 491 3208 autem
508 3141 611 3207 nostri
632 3160 719 3206 anno
735 3140 849 3228 primo.

245 3334 406 3407 (savonen
418 3333 541 3393 noanon
554 3300 761 3409 mojanacense
773 3333 848 3392 oux.
864 3335 923 3393 ret.
939 3335 1003 3393 aas.
1017 3333 1050 3406 1.)

519 3629 661 3640 Μ-.
