3072 5168
834 289 982 389 212„

351 483 473 550 domini
488 484 683 567 Potestatis,
711 483 867 569 Consilii,
885 485 1071 554 Communis
1088 489 1120 554 et
1135 486 1302 555 bominum
1325 485 1484 572 Spalati,

352 599 459 681 etpro
475 595 555 680 ipsis
581 593 731 664 omnibus
756 594 918 679 solempni
942 594 1160 681 stipulacione
1176 597 1421 680 promiserunt,
1446 611 1483 662 se

352 700 497 771 facturos
515 709 548 769 et
565 709 734 773 curaturos
751 705 838 772 omni
862 706 1062 792 excepcione
1079 713 1112 772 et
1128 707 1302 774 occasione
1319 704 1484 789 remotis,

352 811 438 894 quod
454 811 618 897 predictus
635 811 784 879 dominus
801 813 918 880 Comes
936 812 1097 898 Georgius
1114 821 1181 880 tam
1193 833 1252 882 suo
1268 815 1428 898 nomine,
1450 823 1481 878 et

351 939 479 989 suorum
491 920 665 1003 bominum,
684 940 781 1003 quam
791 921 957 988 bominum
975 934 1006 988 et
1017 921 1350 1004 communicatorias,
1374 919 1483 986 firma

351 1038 383 1096 et
400 1038 472 1098 rata
487 1029 624 1096 babebit
640 1037 672 1095 et
689 1029 893 1117 adimplebit,
910 1033 1020 1098 omnia
1036 1039 1069 1100 et
1084 1033 1215 1119 singula
1225 1031 1482 1117 suprascripta,

350 1145 382 1204 et
398 1139 542 1221 quelibet
558 1157 679 1222 eorum,
705 1147 738 1204 et
754 1160 819 1206 non
836 1139 1050 1206 contrafaciet
1060 1191 1068 1224 ,
1086 1143 1138 1210 vel
1155 1142 1265 1210 veniet
1282 1138 1408 1223 aliqua
1428 1159 1481 1202 ra-

351 1247 464 1327 cione,
480 1249 611 1334 ingenio
629 1247 699 1314 sive
716 1267 818 1316 causa
843 1247 884 1313 de
896 1249 970 1334 jure
986 1251 1039 1315 vel
1055 1248 1097 1315 de
1114 1247 1220 1333 laeto,
1244 1249 1304 1318 sub
1322 1267 1426 1332 pena
1445 1249 1479 1311 li·

348 1357 480 1426 brarum
495 1357 602 1423 trium'
616 1355 752 1422 millium
778 1355 981 1424 denariorum
998 1359 1193 1426 Venetorum
1220 1377 1406 1444 porrorum
1426 1375 1480 1421 so·
1523 1371 1524 1378 ¹

347 1464 447 1532 lemni
463 1465 681 1549 stipulacione
697 1466 880 1552 promissa,
907 1472 940 1531 et
957 1464 1164 1551 obligacione
1190 1467 1332 1531 omniurn
1361 1466 1478 1530 bono·
1523 1529 1524 1538 ,

347 1593 416 1640 rum
427 1572 613 1642 Communis
630 1573 836 1642 ethominum
858 1573 997 1657 Spoleti,
1009 1573 1175 1652 mobilium
1187 1580 1219 1640 et
1238 1573 1476 1654 immobilium,
1523 1539 1524 1602 ¹

348 1683 553 1769 presencium
579 1689 611 1747 et
627 1681 816 1748 futurorum.
842 1682 925 1748 Item
940 1680 1055 1749 eodem
1071 1681 1164 1748 modo
1184 1683 1310 1750 nobiles
1328 1682 1398 1748 riri
1418 1682 1476 1748 do·
1523 1744 1524 1776 ἶ

349 1791 427 1858 mini
454 1791 652 1860 Laureuoius
678 1789 718 1856 do
734 1789 892 1858 Zeualelli
912 1789 1002 1856 (liris
1028 1789 1128 1856 Jadre
1152 1787 1360 1874 fideJ‘ubendo
1381 1794 1422 1857 et
1439 1806 1474 1854 se
1523 1777 1524 1780 '

349 1921 408 1988 pro
424 1901 578 1986 predictis
595 1905 627 1968 et
645 1898 790 1985 quolibet
806 1899 1024 1984 predictorum
1041 1917 1099 1984 pro
1116 1897 1202 1966 dioto
1218 1897 1342 1966 (lomite
1358 1897 1473 1964 Geor-

350 2009 403 2095 gio
420 2011 643 2099 principaliter
662 2009 840 2093 obligando
856 2009 890 2074 in
917 2007 1009 2075 libris
1035 2015 1067 2071 et
1082 2027 1141 2092 pro
1158 2005 1250 2074 libris
1265 2005 1472 2091 octingentis

349 2115 550 2186 denariorum
566 2118 761 2183 Venetorum
777 2133 969 2202 parvorum3
987 2114 1104 2183 Gallus
1121 2114 1199 2180 olim
1215 2113 1337 2181 domini
1352 2113 1470 2181 Cerne

350 2225 390 2291 de
405 2225 531 2308 Mergia
547 2225 635 2293 Civis
657 2211 835 2294 latreusis
847 2221 1054 2308 fidejubendo
1071 2229 1104 2289 et
1120 2242 1157 2290 so
1173 2243 1232 2309 pro
1254 2221 1419 2308 predictis
1439 2229 1470 2286 et

351 2332 495 2418 quolibet
509 2333 725 2419 predictorum
746 2331 974 2419 principaliter
999 2329 1176 2418 obligando
1192 2333 1225 2398 in
1242 2330 1334 2397 libris
1351 2339 1387 2397 et
1407 2350 1469 2415 pro

350 2445 441 2512 libris
458 2443 675 2530 septingentis
701 2441 908 2508 denariorum
932 2443 1131 2508 Venetorum
1147 2458 1338 2526 parvorum;
1359 2439 1467 2506 domi-

350 2571 411 2620 nus
426 2550 605 2620 Domaldus
632 2550 674 2618 de
690 2549 879 2620 Gandolinis
906 2547 994 2618 Oivis
1009 2550 1180 2619 ledrensis
1205 2547 1417 2635 fidejubendo
1435 2556 1466 2612 et
1523 2586 1524 2591 =

350 2679 387 2729 se
403 2679 462 2747 pro
486 2659 642 2747 predictis
667 2666 701 2726 et
727 2656 873 2741 quolibet
898 2657 1119 2742 predictorum
1144 2677 1203 2744 pro
1221 2657 1307 2724 dioto
1333 2657 1467 2725 Gemite

351 2767 489 2854 Georgio
505 2767 730 2856 principaliter
749 2765 925 2851 obligando
945 2766 1081 2837 inlibris
1099 2771 1132 2834 et
1146 2787 1205 2854 pro
1220 2763 1313 2834 libris
1328 2784 1462 2833 sexcen-

348 2877 391 2946 tis
410 2877 616 2945 denariorum
626 2879 823 2944 Venetorum
832 2893 1021 2961 parvorum5
1041 2875 1192 2942 dominus
1208 2872 1367 2942 Dessade
1381 2873 1464 2942 Fas-
1523 2897 1524 2918 ³

350 3005 450 3070 sogna
460 2985 548 3054 (liris
564 2983 738 3053 ledrensis
757 2983 978 3072 fidejubendo,
996 2990 1029 3050 et
1044 3003 1081 3052 se
1096 3003 1153 3070 pro
1169 2983 1327 3070 predictis
1342 2989 1374 3050 et
1384 3003 1464 3066 quo

350 3095 429 3161 libet
443 3095 661 3180 predictorum
676 3113 734 3180 pro
751 3093 837 3161 dicto
849 3093 973 3162 Oomite
988 3093 1125 3180 Georgio
1140 3093 1368 3180 principalitar
1382 3091 1463 3160 obli·

350 3204 458 3290 gando
473 3204 507 3269 in
523 3202 614 3268 libris
631 3211 662 3268 et
679 3223 737 3288 pro
753 3202 846 3270 libris
866 3205 1029 3270 sexcentis
1038 3203 1247 3272 denariorum
1263 3205 1463 3272 Venetorum

349 3311 675 3400 parvorum3Barobo
686 3312 728 3378 de
740 3312 920 3396 Grisogono
931 3311 974 3379 do
982 3313 1095 3382 Mauro
1106 3313 1196 3383 Civis
1205 3313 1377 3382 ledrensis
1387 3311 1462 3380 lide

345 3419 502 3505 jubendo,
519 3427 553 3486 et
568 3436 605 3486 so
619 3438 679 3505 pro
695 3419 852 3505 predictis
869 3425 903 3486 et
918 3421 1064 3504 quolibet
1079 3420 1296 3504 predictorum
1306 3421 1461 3507 prodictu

349 3525 473 3594 Oomite
490 3527 630 3610 Georgio
646 3527 873 3613 principaliter
898 3528 1073 3612 obligando
1089 3532 1122 3597 in
1139 3531 1232 3598 libris
1248 3539 1282 3598 et
1297 3551 1355 3617 pro
1372 3531 1460 3599 libris

348 3633 596 3718 quadringentis
607 3637 811 3705 denariorum
827 3637 1024 3705 Venetorum
1041 3658 1234 3725 parvorum3
1251 3639 1409 3708 Bivoldus
1420 3639 1461 3705 de

348 3739 494 3826 Batone,
519 3743 628 3812 lllioba
652 3746 784 3813 Domini
807 3737 924 3814 Jac'obi
949 3745 991 3814 de
1007 3747 1198 3837 sociatum,
1225 3733 1258 3815 et
1273 3749 1459 3835 Stephanus

348 3851 426 3918 olim
442 3847 559 3918 Marini
575 3851 616 3918 de
626 3851 724 3937 Labe,
737 3851 1016 3922 civesJadrenses
1032 3853 1240 3941 fidejubendo
1257 3858 1395 3941 quilibet
1409 3875 1459 3924 eo-

348 3977 416 4024 rum
442 3967 475 4024 et
491 3977 528 4026 se
553 3982 612 4046 pro
636 3962 794 4047 predictis
821 3969 853 4030 et
874 3965 1019 4046 quolibet
1043 3966 1262 4052 predictorum
1287 3989 1346 4053 pro
1372 3969 1456 4035 dioto

348 4066 475 4136 Gemite
501 4067 642 4157 Georgio
667 4071 894 4158 principaliter
909 4073 1100 4160 obligando,
1125 4075 1262 4161 quilibet
1286 4097 1396 4144 eorum
1426 4078 1454 4141 in

347 4175 439 4243 libris
455 4182 488 4243 ot
501 4195 561 4261 pro
577 4179 670 4245 libris
679 4181 832 4247 tercentis
843 4181 1050 4250 denariorum
1061 4185 1257 4252 Venetorum
1265 4203 1454 4270 parvorum

348 4290 384 4352 et
397 4301 508 4352 omnes
524 4293 556 4352 et
580 4286 716 4370 quilibet
742 4307 853 4355 eorum
869 4309 906 4355 se
931 4289 1122 4377 obligando,
1140 4299 1175 4358 ut
1190 4293 1312 4360 dietum
1328 4304 1389 4376 est,
1406 4317 1452 4362 so·
1471 4345 1473 4349 ι

347 4393 467 4476 lempni
476 4393 694 4480 stipulacione
703 4397 921 4482 promiserunt
936 4419 997 4484 pro
1013 4419 1050 4468 se
1062 4407 1096 4467 et
1111 4421 1220 4470 eorum
1237 4407 1271 4470 et
1287 4405 1452 4490 cujuslibet

349 4517 460 4568 eorum
473 4500 650 4571 heredibus
666 4514 700 4575 et
709 4507 952 4576 successoribus
968 4509 1056 4578 dioto
1071 4510 1200 4580 domino
1210 4513 1354 4599 Rogerio
1370 4513 1451 4580 llan-

348 4627 476 4694 roceno,
492 4611 632 4700 egregio
654 4617 802 4685 ladrensi
821 4619 950 4704 comiti,
966 4620 1138 4709 recipienti
1154 4627 1187 4690 ot
1202 4623 1372 4709 stipulanti
1387 4624 1451 4691 vioe
