3094 5168
845 337 1007 440 -r—r-a-

367 537 537 618 nacionis,
555 536 714 606 videlicet
730 556 789 622 pro
806 545 930 620 quanta
946 555 1097 621 sumpma
1113 535 1255 622 pecunie
1270 535 1341 621 ipsa
1355 553 1463 622 posscs-

364 646 414 712 sic
432 645 586 713 estimato
602 643 715 728 luerit,
741 643 872 712 domino
889 645 970 728 Regi
987 643 1130 709 finaliter
1145 642 1342 710 rescribatis.
1359 640 1463 707 Datum

362 753 454 822 Burle
469 751 610 841 septimo
627 752 680 818 die
697 761 891 821 octauarum
913 753 1008 819 Beati
1024 751 1156 821 Martini
1173 749 1375 819 Confesscris
1390 769 1463 816 anno

364 860 495 931 Domini
510 862 561 927 Μ0
577 861 648 930 CC⁰
663 863 877 947 nonagesimo
899 883 994 930 nono.

435 1059 548 1124 Jeyyret.
561 1055 746 1128 Bb'rhbrtyan
759 1055 821 1112 kelt
834 1055 897 1112 ztrc
909 1054 994 1122 level,
1007 1053 1116 1148 hetirat
1128 1053 1237 1121 uelint,
1251 1049 1363 1127 poesela
1376 1051 1462 1108 elrtnt

365 1144 513 1202 Akekksi
524 1143 723 1202 levdltarban:
738 1147 820 1203 Faec.
837 1147 861 1201 1.
874 1143 942 1202 Nro.
958 1145 999 1202 11.
1019 1147 1101 1214 Erdy.

891 1991 971 2058 156.

255 2193 272 2214 ·
364 2171 394 2238 Α
404 2175 559 2260 pozecepi
569 2175 698 2261 prepoat
714 2175 801 2256 sajet
827 2173 858 2235 c'e
873 2171 1065 2257 topratanja
1080 2169 1210 2235 neoe‘beu
1226 2169 1331 2255 Nyc'lei
1352 2163 1464 2240 Mults,

371 2278 464 2344 Verea
479 2279 573 2342 Potor·
582 2327 592 2362 ,
618 2277 694 2340 Bod
709 2275 829 2341 Miletos
845 2279 876 2340 ee
891 2275 999 2340 Paitoi
1019 2275 1136 2340 Tamus
1151 2273 1249 2362 elleos,
1273 2276 1328 2338 lrile
1344 2271 1465 2340 Cbulcu'r·

496 2383 611 2470 folecit
627 2381 884 2448 erbbotalommal
900 2381 1102 2469 clfoplultdlc.
1119 2384 1349 2448 1290-1299.

451 2579 452 2582 ’
470 2581 540 2649 Nos
558 2579 746 2666 Capitulum
763 2579 914 2648 Ecclcsie
929 2580 1115 2647 laoniensis
1140 2578 1257 2647 damus
1282 2601 1340 2666 pro
1364 2596 1465 2644 memo·

362 2688 430 2773 ria,
457 2689 545 2772 qood
561 2689 757 2757 constitutus
783 2710 894 2756 coram
918 2689 1015 2756 nobis
1033 2688 1236 2758 honorabilis
1261 2691 1312 2757 vir
1328 2689 1466 2768 magister

343 2797 570 2881 'Seraphinus
597 2797 789 2880 Propositus
816 2795 1027 2864 Poscniensis
1054 2795 1184 2862 nomine
1207 2815 1267 2863 suc
1293 2805 1327 2862 et
1352 2792 1465 2860 nomine

365 2904 512 2988 Capituli
536 2904 684 2972 Ecclesie
700 2923 758 2970 sue
768 2955 777 2989 ,
804 2923 864 2970 sua
881 2903 975 2970 nobie
992 2903 1236 2988 protestacione
1255 2903 1466 2969 demonstrare

365 3013 491 3080 curauit
507 3019 540 3078 et
558 3010 651 3096 dixit,
664 3013 750 3095 quod
766 3032 837 3078 cum
854 3013 1023 3099 possessio
1040 3012 1179 3096 quedam
1190 3013 1311 3094 Turne,
1327 3030 1381 3077 scu
1392 3007 1464 3076 Chu-

362 3120 534 3189 karloluua
550 3117 638 3208 (lgy)
654 3129 792 3206 vocata,
811 3123 844 3188 in
861 3123 1026 3190 Comitatn
1041 3121 1238 3189 Poscniensi
1258 3121 1414 3199 existens,
1430 3112 1466 3180 ad
1519 3209 1522 3222 A

364 3227 548 3293 Ecclesiam
574 3247 667 3293 suam
685 3229 918 3295 Poscniensem
943 3229 1142 3313 pertineret,
1170 3227 1252 3292 etin
1278 3225 1467 3312 corporalem

362 3335 606 3417 possessionem
624 3333 710 3402 dicte
727 3337 945 3420 possessionis
962 3337 1153 3422 Propositus
1169 3344 1202 3403 et
1218 3335 1401 3421 Capitulum
1417 3331 1467 3395 Ec-

363 3441 1468 3529 clesiePoscniensisadmandatumetpreceptumdominiRegiein·

362 3547 454 3616 ducti
470 3547 610 3616 luissent
620 3597 629 3631 ,
655 3554 689 3615 et
702 3549 848 3634 pluribus
873 3551 969 3615 annis
986 3550 1122 3635 pacifice
1148 3570 1222 3616 eam
1238 3549 1468 3635 possedissent3

361 3655 521 3723 Nicolaue
538 3653 623 3722 filius
639 3656 794 3722 Johanka
812 3651 899 3744 (lgy)
916 3656 957 3724 de
973 3657 1058 3740 Nek,
1076 3656 1192 3724 Petrus
1209 3656 1315 3723 Rufus
1325 3707 1335 3742 ,
1358 3656 1470 3722 chana

362 3763 405 3830 de
420 3762 516 3830 Pake
532 3771 566 3830 et
581 3762 737 3830 Nicolaue
755 3765 862 3830 dictus
879 3764 962 3849 Bud,
987 3765 1124 3834 Nobiles
1142 3765 1184 3831 de
1200 3765 1368 3832 Comitatu
1383 3763 1470 3829 Posc-

361 3870 468 3936 niensi
494 3871 587 3954 ipsos
603 3871 808 3956 Prepoeitum
834 3879 867 3938 et
884 3872 1071 3957 Capitulum
1098 3874 1139 3939 de
1164 3873 1380 3959 possessione
1404 3873 1469 3954 ipsa

362 3982 476 4043 contra
493 3977 596 4046 Deum
614 3988 646 4047 et
658 3982 851 4066 justiciam,
868 4002 933 4049 non
951 3983 1160 4050 obstantibus
1181 3983 1300 4050 litteris
1317 3988 1351 4049 et
1366 3981 1470 4048 instru-

361 4086 499 4168 mentis,
518 4086 623 4152 eeiam
651 4109 724 4157 ase
741 4090 823 4174 ipsis
852 4087 978 4157 eisdem
992 4091 1179 4174 concessis,
1205 4111 1267 4176 per
1291 4087 1470 4176 potenciam

360 4194 512 4278 magistri
527 4195 651 4262 lllatbei
667 4196 709 4264 de
726 4196 916 4265 Trincbinio
944 4207 978 4264 et
996 4199 1132 4266 Comitis
1148 4199 1364 4266 Poscniensis
1383 4213 1471 4278 expu-

359 4299 477 4368 lissent
492 4307 526 4366 et
542 4303 727 4390 eiecissent,
744 4307 851 4392 ipsam
866 4305 930 4373 sibi
947 4306 1193 4390 possessionem
1207 4305 1421 4392 occupando,
1437 4319 1471 4368 ex

360 4425 426 4489 qua
457 4408 651 4493 expulsione
676 4418 708 4478 et
739 4413 959 4496 usurpatione
985 4413 1139 4481 Ecclesia
1167 4417 1242 4498 ipsa
1267 4411 1471 4483 Poscniensis

360 4512 504 4597 dampna
520 4537 643 4602 magna
660 4524 693 4582 et
708 4519 847 4603 grauia,
875 4539 915 4584 ac
931 4519 1086 4586 iniuriam
1105 4542 1173 4588 non
1189 4520 1357 4589 modicam
1382 4536 1472 4604 passa

360 4621 533 4691 extitisset.
558 4627 597 4691 ln
614 4625 704 4694 cuius
722 4627 980 4710 protestaoionis
996 4627 1221 4697 testimonium
1238 4636 1421 4712 presentes,
1437 4623 1473 4692 ad
