3144 5180
563 267 717 368 —n-

84 479 158 528 mus
168 511 178 546 ,
204 461 391 531 diseretioni
408 469 461 531 tue
487 483 545 552 per
562 465 754 550 Apostolioa
771 465 894 548 seripta
914 461 1049 533 firmiter
1064 463 1202 552 preoipi-

84 571 171 638 endo
187 572 402 658 mandamus,
420 579 580 658 quatenus
597 576 640 642 de
657 575 793 642 oonsilio
810 574 992 656 aliquorum
1009 574 1145 642 fratrum
1161 573 1204 640 di-

82 685 263 748 seretorum
279 682 326 747 tui
343 681 476 750 Ordinis
492 682 598 766 eligas
615 685 696 752 dnos
712 685 753 750 de
774 682 929 751 fratribus
947 680 1093 751 eiusdem
1110 679 1202 748 Ordi-

81 789 132 857 nis
149 794 205 858 tue
221 789 528 877 administrationis,
544 793 692 880 ydoneos
709 791 753 860 ad
763 791 952 861 huiusmodi
968 810 1049 880 opus
1067 790 1203 858 domini·

82 918 157 964 oum
184 897 403 968 exercendum
413 893 433 980 ,'
450 903 506 986 qui
531 901 686 970 videlieet
712 903 780 971 sint
802 901 872 969 vita
899 909 932 970 ot
957 903 1204 972 eonversatione

81 1006 226 1094 probati,
243 1009 423 1078 litterarum
442 1009 581 1080 seientia
604 1009 744 1098 prediti,
772 1018 805 1080 et
829 1013 973 1096 regionis
993 1011 1063 1080 siro
1078 1011 1205 1099 provin·

83 1115 133 1181 eie
165 1115 296 1200 prefate
319 1119 506 1205 ydeomatis
529 1139 594 1186 non
616 1119 744 1206 ignari,
779 1117 892 1203 eisque
916 1119 950 1184 in
979 1119 1100 1186 virtute
1125 1119 1205 1186 obe-

83 1220 209 1292 dientie
242 1223 394 1295 districte
420 1229 614 1314 Apostoliea
647 1229 817 1314 precipere
856 1228 1058 1298 auctoritate
1092 1248 1208 1316 pronu-

83 1351 159 1416 res,
185 1340 220 1399 nt
241 1333 462 1419 inquisitionis
478 1335 622 1404 oifioium
638 1337 672 1403 in
688 1337 777 1404 dioto
802 1337 995 1424 Prinoipatu
1019 1343 1134 1405 eontra
1150 1335 1204 1404 be-

84 1441 206 1510 reticos
215 1492 225 1526 ,
252 1443 443 1529 eredentes,
464 1444 608 1514 lautores
618 1495 628 1532 ,
653 1444 846 1514 defensores
863 1452 896 1512 et
911 1449 1135 1532 receptatores
1152 1463 1204 1512 eo-

83 1569 153 1617 rum
181 1550 273 1618 iuxta
297 1552 434 1620 formam
453 1553 487 1619 in
510 1555 586 1622 aliis
612 1555 733 1624 nostris
750 1553 866 1622 litteris
884 1573 1096 1640 expressam,
1122 1571 1205 1638 quas

87 1659 243 1728 fratribus
274 1660 414 1746 predioti
446 1661 582 1732 Ordinis
613 1662 863 1748 inquisitoribus
896 1664 1081 1731 huiusmodi
1098 1661 1205 1749 pravi·

88 1769 168 1834 tatis
195 1770 229 1838 in
256 1771 442 1856 Principatu
470 1773 585 1841 eodem
603 1774 797 1842 auctoritate
822 1773 1016 1858 Apostolioa
1047 1771 1205 1858 deputan-

87 1875 159 1960 dis,
186 1899 251 1946 non
271 1881 436 1967 expressis
454 1881 635 1964 aliquorum
663 1883 866 1966 nominibus,
892 1900 991 1968 super
1014 1878 1206 1966 exequendo

84 1985 174 2052 dioto
189 1985 419 2070 Inquisitionis
436 1990 543 2056 offieio
560 1989 784 2077 destinamus,
811 1991 929 2074 exequi
947 1989 1102 2058 studeant
1127 1987 1206 2054 dili·

84 2099 210 2178 genter.
225 2094 297 2162 Nos
313 2095 399 2160 enim
424 2096 594 2180 predictos
613 2097 699 2167 duos
714 2101 841 2186 iratres,
868 2117 947 2183 quos
963 2100 1006 2166 ad
1021 2101 1083 2166 hoo
1100 2095 1206 2180 elege-

85 2203 156 2286 ris,
182 2210 217 2269 et
233 2211 404 2288 utrumque
429 2205 593 2292 ipsorum,
622 2209 785 2292 prelatum
812 2205 955 2275 officium
981 2207 1099 2290 exequi
1115 2206 1206 2271 iuxta

84 2309 222 2378 formam
239 2314 272 2380 in
288 2314 407 2382 litteris
423 2315 506 2400 ipsis
522 2335 725 2402 expressam,
742 2336 782 2383 ao
799 2317 890 2403 ipsos
904 2317 995 2384 illam
1011 2318 1206 2401 potestatem

84 2423 364 2490 etauctoritatem
380 2425 529 2512 plenarie
545 2423 667 2508 babere
683 2427 850 2507 volumus,
879 2444 943 2508 que
959 2425 992 2492 in
1018 2421 1141 2491 eisdem
1156 2421 1207 2491 lit·

83 2531 166 2596 teris
184 2530 400 2599 eontinentur.
429 2532 464 2599 Si
480 2553 558 2602 vero
575 2540 610 2600 tu
619 2585 628 2620 ,
653 2536 706 2602 rel
722 2533 872 2601 Vioarins
888 2545 984 2620 tuns,
1010 2539 1043 2600 te
1059 2531 1205 2613 absente,

85 2637 233 2720 aliquem
248 2637 478 2724 Inquisitorem
502 2642 686 2710 huiusmodi
707 2661 748 2708 ex
770 2643 882 2726 aliqua
901 2641 986 2710 forte
1003 2659 1103 2708 eausa
1126 2659 1206 2707 non-

83 2765 252 2830 nunquam
268 2747 339 2814 fore
355 2747 508 2816 videbitis
524 2751 747 2830 amovendum,
761 2752 871 2838 ipsum
882 2749 1064 2820 amoveatis
1084 2756 1117 2816 et
1132 2749 1206 2816 sub-

82 2855 234 2923 stituatis
250 2859 321 2924 loeo
338 2858 407 2924 eius
422 2860 543 2946 alium,
560 2878 655 2943 quem
673 2860 813 2930 similem
829 2865 1030 2946 potestatem
1046 2865 1079 2926 et
1095 2863 1205 2928 auoto-

84 2963 220 3031 ritatem
237 2965 362 3033 habere
387 2969 556 3052 volumus,
581 2969 734 3050 quotiens
753 2969 848 3038 vobis
873 2968 1108 3036 deliberatione
1134 2986 1206 3034 oum

82 3072 253 3155 aliquibus
269 3074 423 3142 diseretis
440 3075 596 3142 iratribus
613 3074 694 3142 dieti
713 3074 846 3144 Ordinis
860 3075 1043 3161 prehabito,
1059 3075 1120 3142 hoe
1135 3073 1206 3141 iore

83 3179 254 3248 videbitur
269 3184 465 3252 laciendum.
483 3183 571 3251 Etsi
587 3185 742 3268 aliquem,
759 3187 812 3252 uel
828 3185 958 3268 aliquos
974 3184 1207 3268 inquisitorum

84 3287 246 3376 ipsorum,
264 3290 426 3360 decedere
443 3293 527 3362 sorte
544 3291 738 3378 eontigerit,
756 3311 817 3360 nos
834 3291 1053 3360 substituendi
1076 3291 1117 3358 de
1134 3308 1206 3356 oon-

82 3397 159 3465 silio
176 3399 361 3484 aliquorum
387 3402 604 3471 discretorum
629 3401 766 3471 fratrum
784 3400 928 3468 eiusdem
954 3399 1082 3468 Ordinis
1105 3400 1206 3468 alium

81 3507 138 3573 uel
154 3508 241 3576 alios
257 3511 331 3578 loeo
346 3511 434 3578 illius
450 3512 503 3578 vel
519 3510 658 3592 illorum,
672 3509 726 3595 qui
743 3510 956 3593 decesserint,
982 3509 1028 3577 ita
1046 3509 1133 3593 quod
1148 3509 1206 3574 hu·

82 3615 227 3682 iusmodi
252 3619 421 3686 substituti
448 3616 571 3686 eisdem
595 3619 728 3684 omnino
754 3617 949 3685 auctoritate
974 3635 1015 3684 uo
1042 3622 1207 3702 potestate

82 3726 275 3812 longantur,
292 3729 355 3795 tibi
369 3728 523 3810 dietaque
539 3725 692 3807 Vinario,
709 3725 738 3794 si
753 3733 789 3792 tu
806 3725 931 3794 absens
950 3725 1058 3812 fueris,
1075 3728 1206 3812 plenam

81 3843 115 3902 et
131 3836 273 3904 liberam
290 3838 499 3922 eoneedimus
516 3841 628 3905 tenore
645 3836 845 3923 presentium
861 3833 1062 3905 facultatem.
1086 3835 1207 3904 Datum

80 3947 174 4033 apud
190 3943 472 4016 Urbem-Veterem
488 3945 532 4013 X.
544 3943 708 4013 kalendas
724 3944 858 4030 Aprilis,
874 3941 1086 4012 Pontifioatus
1104 3942 1207 4011 nostri

80 4075 171 4124 anno
193 4063 321 4140 quarto.
857 4079 858 4082 ¹

185 4251 247 4328 (IV.
262 4253 369 4319 Mittor
384 4249 462 4327 papa
473 4249 665 4326 Regosttibtl
684 4247 809 4309 Theiner
822 4247 860 4308 id.
872 4269 908 4308 ιιι.
922 4249 943 4308 l.
958 4251 985 4310 l.
999 4249 1060 4307 378.
1074 4249 1105 4320 l.)

513 4545 770 4562 munna-m
