3144 5180
912 333 956 400 32

374 548 518 614 mitatem
547 547 670 615 eisdem
696 548 813 615 domiti
839 551 1009 636 Dioniaio,
1037 549 1164 617 Thomu
1187 557 1219 617 el
1245 550 1384 618 Nicolao
1412 547 1483 616 liliis

373 657 440 724 suis
457 677 497 724 ao
513 677 622 726 eorum
639 655 814 725 heredibus
840 658 1061 742 heredumque
1078 677 1208 724 snorum
1231 659 1483 742 successoribus,

372 771 407 830 vl
423 767 538 834 eedem
555 771 640 832 terre
657 785 716 853 per
732 769 821 852 ipsos
838 787 929 836 more
945 769 1084 834 aliorum
1102 767 1258 834 nobilium
1275 769 1307 834 in
1318 767 1479 835 Comitatu

373 873 414 940 de
438 875 572 942 Zoulum
599 876 828 960 possessiones
853 877 1046 944 habenoinm
1072 874 1359 943 inretractabiliter
1384 877 1484 960 possi·

272 975 277 985 ¹
372 983 441 1049 deri
456 983 591 1051 valeant
608 993 639 1050 et
655 983 793 1068 haberi,
819 993 988 1070 presentes
1005 983 1229 1052 concessimus
1245 982 1371 1050 litteras
1388 983 1483 1066 dupli-

298 1141 305 1150 .
373 1091 421 1159 cis
437 1092 539 1178 sigilli
563 1093 666 1160 nostri
680 1095 857 1162 munimine
884 1095 1067 1162 roboratas.
1086 1093 1205 1160 Datum
1232 1112 1291 1178 per
1308 1112 1423 1160 manus
1441 1093 1484 1159 di·

371 1203 471 1269 screti
495 1201 558 1268 viri
589 1202 737 1288 magistri
772 1201 939 1269 Theodori
965 1201 1118 1268 Albensis
1144 1200 1292 1268 Ecclesie
1323 1201 1483 1286 Prepcsiti

371 1311 447 1378 aulo
462 1325 573 1378 nostre
589 1313 893 1399 vicecancellarii,
906 1309 1016 1379 dilecti
1033 1321 1065 1378 et
1076 1311 1185 1378 fidelis
1196 1311 1310 1394 nostri,
1326 1329 1413 1376 anno
1423 1309 1482 1376 Do·

370 1419 451 1486 mini
474 1425 518 1486 M.
545 1419 608 1488 00.
633 1423 846 1508 nonagesimo
872 1423 986 1510 primo,
1015 1422 1119 1506 Regni
1146 1426 1253 1488 antem
1275 1421 1377 1489 nostri
1403 1436 1482 1484 anno

370 1529 525 1598 secundo.

398 1709 437 1782 (Δ
449 1710 502 1768 kir.
515 1709 602 1770 fiscus
616 1708 647 1768 ds
660 1709 934 1783 Besateroaebrtnya
947 1727 987 1767 sa.
1000 1711 1028 1765 k.
1047 1707 1133 1768 utros
1146 1709 1226 1764 kunu
1239 1703 1457 1780 permelldklet)

795 2011 1063 2022 m-

366 2743 432 2809 ΙΙΙ.
449 2742 557 2807 Eodre
572 2739 678 2826 trosly
694 2762 714 2803 α
729 2739 930 2827 reqcrrsborqi
953 2737 1143 2806 kareskoddlc
1158 2742 1304 2806 ιιάπιάνα
1318 2740 1476 2826 maqujtljo

367 2855 398 2916 ds
413 2851 589 2938 moqerdsiti
609 2875 630 2915 a
648 2849 706 2914 IV.
724 2847 804 2912 Βέία
829 2847 985 2934 kirolytcl
1008 2859 1097 2936 ayart
1113 2847 1246 2936 joqolrat
1271 2851 1303 2914 ds
1317 2846 1475 2914 cantamu-

814 2957 919 3043 qokol.
939 2957 1035 3020 1291.

404 3173 406 3178 ’
488 3155 640 3223 Andreas
666 3153 729 3220 Dei
754 3153 869 3239 gracia
896 3143 1083 3240 Hungarie‚
1110 3151 1301 3242 Dalmaoie,
1335 3151 1473 3232 (troanie,

367 3267 479 3350 Rama,
495 3263 629 3350 Seruio,
647 3261 807 3348 Gallicis,
837 3261 1051 3351 Lodomerie‚
1070 3261 1247 3350 Cumania,
1264 3263 1475 3349 Bulgarieque

366 3377 436 3439 Rex
451 3369 687 3459 virisprouidis
704 3378 736 3435 et
752 3369 914 3454 discretis,
932 3371 995 3438 sibi
1007 3370 1203 3439 amabilibus
1221 3379 1254 3439 et
1266 3373 1397 3440 deuotis
1413 3369 1473 3439 vni-

366 3483 472 3548 uersis
489 3481 723 3549 mercatoribus
734 3478 1039 3565 Radisponeusibus
1051 3485 1083 3548 et
1100 3483 1335 3566 pertinentibus
1352 3481 1398 3548 ad
1414 3500 1475 3547 eos·

366 3591 439 3658 dem
456 3593 594 3658 salutem
611 3590 645 3655 in
661 3595 774 3656 actore
797 3590 924 3657 salutis.
951 3591 1036 3670 Quia
1053 3589 1093 3654 de
1110 3589 1311 3658 confluancio
1327 3600 1473 3658 mercato·

366 3715 435 3765 rum
452 3697 712 3766 inhabitanoium
739 3697 953 3766 commoditas
971 3709 1003 3764 et
1018 3698 1142 3768 utililas
1166 3699 1349 3768 alterutrim
1366 3717 1473 3785 procu·

365 3815 471 3892 ratnr;
489 3809 668 3892 cupientes,
685 3812 721 3871 ut
739 3805 830 3871 uobis
848 3815 880 3873 ct
896 3807 973 3892 alijs
986 3807 1221 3874 mercatoribus
1237 3809 1270 3874 in
1286 3815 1399 3894 partes
1416 3809 1469 3872 lle·

365 3913 419 3998 gni
436 3913 605 3999 Hungaric
622 3933 692 3979 oum
703 3913 946 3980 suismercibus
963 3913 1356 3981 descendereuolentibus
1375 3912 1471 3980 omnis

367 4022 542 4087 inmunitas
573 4027 604 4086 et
630 4022 789 4088 securitas
815 4021 1007 4106 prebeatur,
1043 4022 1085 4088 dc
1113 4023 1282 4090 uoluntate
1308 4028 1342 4088 et
1367 4020 1472 4089 conni-

364 4129 480 4194 uenoia
497 4127 732 4194 uenerabilium
755 4135 883 4213 patrum
900 4129 1230 4218 Archiepisooporum
1248 4137 1280 4197 et
1297 4131 1466 4216 Episcopo·

366 4255 446 4322 rum,
469 4255 610 4302 necnon
628 4241 660 4302 et
675 4237 817 4306 omnium
834 4239 939 4322 Regni
956 4241 1060 4308 nostri
1076 4243 1249 4308 Procerum
1267 4247 1301 4306 ct
1316 4233 1480 4308 Baronnn¹

366 4343 577 4412 conninencia
593 4355 624 4409 et
641 4363 778 4412 assensu
795 4346 856 4411 sub
872 4347 941 4413 inre
964 4347 1102 4416 iurando
1120 4349 1286 4416 firmamus
1304 4349 1367 4416 hac
1383 4366 1471 4436 prag·

365 4449 481 4516 matica
496 4450 690 4538 sanccione,
715 4457 750 4517 ut
766 4451 947 4536 quicunque
963 4467 1177 4523 mercatorum
1202 4453 1236 4520 in
1253 4453 1399 4541 Regnum
1419 4451 1462 4520 no?

363 4557 1478 4652 strnmcnmsuadesoanderouoleant(lgy)meroatura‚eagauduant'

364 4665 525 4751 libertate,
543 4680 647 4748 eoque
662 4667 821 4736 beneficio
838 4671 1053 4760 perfruantur,
1070 4672 1155 4758 quod
1169 4679 1317 4758 ternpore
1330 4671 1463 4740 Serenit-
