3082 5166
75 1201 300 1295 doopyodrada‘
314 1201 470 1293 triptotam
485 1205 766 1295 bieoayedplcuele,
791 1202 870 1294 hoqy
886 1229 907 1271 a
925 1205 1077 1274 thaaadde'
1085 1207 1172 1293 flier-

69 1325 154 1397 pereat
168 1315 275 1382 chaa
289 1311 412 1402 belyetq
428 1313 617 1380 hkoeaiaale
640 1315 773 1381 machaa
795 1338 834 1380 aa
850 1317 951 1381 ottuac'
965 1314 1104 1381 koloator
1120 1316 1172 1380 ba-

367 1423 461 1489 ·rcttaa'
475 1421 554 1488 ellare
569 1425 654 1488 aaa
670 1433 733 1492 teti.
750 1425 849 1493 1300.

140 1696 141 1699 ,
161 1620 348 1706 Capitulum
365 1617 514 1689 Ecclesie
529 1619 757 1690 waradiensis
783 1621 935 1691 omnibus
961 1619 1082 1688 christi
1097 1621 1172 1690 fide·
1271 1693 1277 1709 ,

71 1729 159 1814 libus,
184 1747 322 1816 presens
338 1729 534 1814 inspecturis
560 1729 701 1799 salntem
718 1735 750 1796 et
765 1729 1040 1800 benediccionem.
1066 1730 1171 1811 Quum

70 1841 143 1924 justa
157 1837 342 1925 petentibus
361 1855 517 1907 assensus
533 1837 692 1924 denegari
707 1845 870 1926 nequeat,
890 1847 923 1907 et
938 1837 1025 1925 quod
1041 1838 1074 1908 in
1089 1845 1168 1906 tem·
1284 1835 1286 1846 '

70 1966 137 2034 pore
150 1947 203 2032 iit,
228 1947 263 2014 id
279 1948 461 2017 litterarum
487 1947 682 2020 testimoniis
699 1949 841 2019 humane
857 1947 940 2038 eripi
955 1948 1076 2020 debeat
1092 1947 1170 2016 obli-

69 2056 154 2141 rioni,
168 2076 210 2126 ne
227 2056 313 2142 qnod
328 2057 415 2127 male
433 2055 566 2143 iactum,
597 2059 629 2124 in
652 2066 798 2145 tempore
817 2079 875 2145 per
892 2057 1029 2127 abusum
1049 2059 1171 2143 justum

70 2165 175 2233 eradat
199 2171 233 2235 et
256 2167 388 2235 stabile.
414 2165 500 2235 Hinc
525 2169 568 2236 ad
593 2167 818 2236 uniuersorum
843 2166 996 2237 noticiam
1023 2168 1171 2234 volumus

68 2274 243 2362 pervenire,
269 2274 357 2360 quod
373 2275 520 2344 universi
545 2275 786 2345 inhabitatores
804 2281 836 2342 et
855 2295 1068 2364 possessores
1093 2274 1172 2343 ville

70 2382 170 2453 Zoran
185 2385 220 2452 in
236 2382 400 2454 (lumitate
417 2385 458 2454 de
475 2387 632 2456 Karazna
643 2387 826 2471 existentis,
843 2385 951 2456 medio
967 2376 1172 2454 honorabilis

68 2497 95 2556 et
108 2493 235 2562 discreti
251 2493 314 2560 riri
338 2492 460 2563 domini
476 2493 710 2564 Archidiaconi
735 2494 776 2562 de
793 2491 953 2562 Thaenad
977 2511 1051 2560 eam
1075 2492 1171 2561 nobis

69 2600 320 2685 significaverunt
336 2603 526 2694 querelam,
554 2604 642 2688 quod
658 2603 737 2672 licet
752 2605 904 2672 monachi
922 2602 1054 2672 claustri
1070 2601 1104 2668 in
1120 2622 1173 2668 ea·
1276 2643 1279 2650 ·

69 2709 132 2777 lem
147 2711 224 2781 villa
239 2730 280 2777 ex
306 2701 519 2801 eleemosyna
545 2713 663 2788 Jacobi
680 2711 756 2781 olim
773 2711 814 2779 de
831 2712 963 2798 Kwsal,
989 2715 1065 2778 ante
1080 2730 1172 2778 secu·

66 2816 123 2886 lum
140 2821 204 2890 iore
221 2821 375 2889 exstructi
384 2873 394 2908 ,
413 2829 446 2888 et
462 2821 584 2893 abhinc
598 2823 655 2909 pia
678 2823 831 2890 et‘libera
846 2823 990 2910 ipsorum
1007 2819 1171 2888 inhabita·

67 2931 160 2996 torum
175 2932 387 3016 eleemosyna
410 2931 561 3016 asstanti,
582 2931 706 2999 nullum
722 2931 811 2998 alind
826 2931 860 2996 in
876 2932 984 3029 ipsam
1008 2928 1122 3023 uillam
1138 2935 1172 2996 et

66 3033 200 3117 eiusdem
209 3037 448 3109 inhabitatores
458 3040 632 3110 habuerint
642 3039 686 3132 ab
702 3044 801 3107 antea
812 3045 845 3106 et
857 3057 988 3126 semper
995 3037 1060 3124 jus,
1072 3056 1170 3122 quam

66 3141 279 3214 sacracbrieti
295 3145 448 3216 fidelibus
464 3147 728 3237 administrandi,
745 3168 786 3215 ne
803 3146 944 3236 populns
961 3145 1105 3215 intanta
1122 3146 1171 3214 iti·

67 3253 146 3320 neris
170 3255 353 3341 distancia,
379 3258 505 3342 absque
521 3257 589 3326 nlla
605 3259 704 3345 plane
728 3255 894 3343 spirituali
921 3261 954 3324 et
980 3253 1170 3338 quotidiana

64 3379 221 3433 sacrorum
238 3365 474 3436 consolacione.
484 3373 669 3435 remaneret
684 3391 691 3454 ;
716 3365 780 3454 ipsi
795 3371 928 3451 tamem,
946 3364 1089 3432 nescitur
1105 3382 1170 3447 qno

64 3469 179 3542 inducti
195 3473 353 3561 consilio,
379 3479 439 3544 ani
452 3474 646 3560 interdicto,
672 3495 785 3542 omnes
810 3475 894 3540 alios
910 3471 1100 3541 sacerdotes
1127 3491 1169 3538 ex

63 3579 170 3648 eadem
185 3580 265 3649 villa
281 3601 398 3651 exesse
426 3582 548 3654 debere
565 3581 776 3670 protendant,
804 3589 838 3650 et
854 3581 1079 3651 honorabilem
1104 3583 1170 3649 fra-

63 3692 136 3752 trem
152 3687 346 3776 Gregorium
361 3692 588 3778 presbyterum
613 3691 763 3761 Ecclesia
779 3688 1026 3774 waradiensis,
1050 3689 1172 3759 festiva

62 3813 153 3862 sacra
167 3797 340 3883 predicare
364 3788 485 3888 popolo
509 3798 751 3887 intendentem,
777 3801 912 3884 abipsa
930 3799 1082 3868 Ecclesia
1100 3817 1170 3868 cum

64 3921 124 3972 non
139 3904 203 3975 leri
218 3907 439 3978 Sacrosanote
455 3911 604 3980 Ecclesia
615 3908 782 3994 scandalo,
799 3913 832 3975 et
849 3909 882 3975 in
896 3909 1069 3978 obversum
1085 3905 1171 3977 edic·
1223 3895 1226 3900 ’

61 4016 160 4081 torum
175 4013 420 4104 Episcopalium
445 4019 653 4104 excluserint,
680 4009 887 4105 asserentes,
903 4034 940 4085 se
964 4017 1172 4105 privilegium

62 4117 179 4190 habero
194 4139 215 4191 a
239 4121 371 4194 domino
386 4127 480 4214 Papa
496 4149 596 4218 super
607 4121 842 4215 jurisdiccione
868 4127 970 4213 plano
985 4127 1171 4196 Diooesana
1199 4117 1202 4124 ’
1229 4181 1232 4189 .

67 4231 322 4322 senEpiscopali
338 4235 514 4306 eorundem
529 4237 695 4307 indictam
711 4235 821 4306 villam
832 4235 1000 4326 exclusive
1012 4251 1170 4302 concessa

63 4335 164 4416 Quum
179 4351 288 4411 antem
304 4343 368 4431 ipsi
376 4344 617 4417 inhabitatores
632 4345 674 4416 do
688 4345 749 4414 tali
765 4343 974 4414 concessione
984 4339 1065 4410 nihii
1078 4359 1171 4430 pror·

67 4469 122 4517 sss
138 4449 250 4538 sciant,
261 4473 323 4522 nec
338 4452 525 4524 honorabili
541 4457 612 4526 uiro
623 4451 1001 4524 dominoArchidiacono
1017 4447 1171 4522 de'Phas·

62 4560 128 4628 uad
143 4561 320 4647 quidquam
336 4563 379 4633 de
395 4584 435 4634 eo
451 4567 596 4668 constet,
612 4569 689 4637 hinc
703 4565 791 4637 idem
807 4563 939 4635 nomine
953 4581 1014 4631 suo
1023 4612 1032 4650 ,
1050 4569 1084 4629 et
1099 4559 1171 4627 nni-

63 4685 230 4740 versorum
255 4672 514 4746 inhabitatorum
530 4677 618 4748 dicte
633 4677 711 4748 rille
735 4671 949 4764 protestando
965 4670 1172 4752 contradixit,

109 4797 533 4846 norbanumrsr.nrrr..-ro.
980 4781 1020 4848 17
