3094 5168
582 971 657 1036 125.

65 1167 148 1235 VIII.
176 1168 335 1256 Boac'fdcz
352 1174 444 1255 pcipe
464 1193 485 1232 a
509 1192 551 1239 ez.
569 1169 851 1235 neruosa-renutet
874 1167 1051 1236 szlavonice·
1075 1175 1169 1232 turtu-

58 1275 348 1365 curcy-ftomam,
374 1279 453 1365 qup
468 1279 521 1342 lect
535 1289 692 1344 cacrzcteet
707 1278 838 1366 kotdjuu
854 1274 1171 1364 tirtnqotstrorotoulr

254 1387 502 1475 Maqyurorszdp
519 1387 582 1453 dett
601 1387 860 1474 tartorndapau'ba.
877 1387 974 1452 1298.

160 1603 353 1670 Bonifatius
370 1603 552 1690 Episcopus
578 1625 693 1673 seruus
710 1624 876 1673 seruorum
890 1601 955 1670 Dei
970 1601 1091 1671 dilecto
1107 1601 1172 1669 lilio

59 1759 113 1775 ...
131 1711 282 1780 Ministro
299 1713 497 1791 Provinciali
524 1713 657 1782 Ordinis
676 1715 809 1780 fratrum
835 1713 993 1780 Minorem
1019 1711 1053 1777 in
1070 1709 1172 1777 admi·

58 1821 250 1887 nistratione
276 1820 444 1904 provincie
462 1821 648 1905 Sclavenie,
675 1824 812 1890 salutem
829 1830 861 1888 et
877 1819 1103 1906 apostolicam
1118 1818 1173 1886 ue-

58 1927 287 1999 nedictionem.
313 1929 406 1996 Licet
431 1949 473 1996 ex
501 1931 649 2000 omnibus
674 1933 785 2001 mundi
810 1931 978 2018 partibus,
1004 1947 1067 2014 que
1083 1925 1173 1995 chri-

58 2037 166 2105 stiana
182 2037 342 2122 religione
368 2045 551 2126 censentur,
576 2049 745 2108 teneamur
770 2059 812 2106 cx
829 2037 928 2106 officii
943 2037 1056 2105 debito
1073 2033 1172 2102 extir-

58 2165 136 2231 pare
153 2145 316 2214 letiferam
333 2152 461 2232 pestem
477 2149 621 2216 heretice
640 2149 824 2234 pravitatis,
842 2148 875 2214 in
895 2147 1045 2232 partibus
1062 2149 1172 2210 tamen

58 2255 190 2337 servia,
216 2257 335 2338 Basia,
363 2255 540 2342 Dalmatie,
559 2255 720 2342 Orovatie,
738 2260 846 2326 Bosne
862 2262 962 2340 atque
978 2253 1083 2335 Istrio,
1100 2270 1174 2338 pro·

58 2363 160 2431 rincie
177 2363 370 2448 Sclavenie,
397 2365 545 2432 imminet
570 2364 664 2432 nobis
689 2363 749 2432 hec
765 2363 953 2432 sollicitudo
970 2361 1174 2450 propensius,

58 2472 110 2538 ubi
125 2473 266 2540 eandem
282 2483 407 2558 pestem
434 2481 567 2559 propter
584 2474 743 2541 malitiam
762 2473 928 2558 temporis,
946 2493 1007 2556 quc
1024 2471 1057 2538 in
1074 2470 1173 2537 detri-

57 2589 199 2648 mentum
224 2580 300 2650 lidci
327 2583 496 2650 catholice
522 2602 682 2667 perversa
707 2584 873 2670 genimina
898 2579 1105 2668 germinavit,
1134 2598 1175 2646 ex

58 2689 225 2757 evidentia
249 2695 361 2778 operis
387 2699 419 2758 et
443 2693 532 2760 fame
556 2694 678 2762 noticia
703 2694 925 2780 persensimus
951 2690 1174 2758 abundantius

58 2797 272 2868 succrevisse.
290 2801 467 2887 Cupientes
484 2802 583 2886 igitur
600 2803 634 2867 in
650 2801 746 2867 dictis
764 2799 925 2887 partibus,
941 2807 973 2864 et
988 2799 1023 2864 iu
1039 2799 1174 2864 Archie·

59 2908 288 2993 piscopatibus
304 2909 497 2989 Duraacnsi,
513 2909 732 2990 Antibarensi,
745 2909 925 2996 Ragusino,
936 2907 1127 2994 spalatensi
1143 2913 1176 2972 et

57 3015 232 3098 Iadrensi,
249 3025 282 3084 ct
298 3018 494 3086 Diocesibus
510 3018 589 3105 suis,
606 3038 664 3105 per
681 3019 808 3104 aliquos
827 3017 869 3084 de
886 3017 1040 3086 fratribus
1056 3015 1104 3082 tui
1120 3036 1174 3082 or-

57 3126 144 3192 dinis
160 3133 288 3209 partem
306 3145 405 3212 super
414 3128 478 3194 hoc
488 3134 597 3193 nostre
607 3126 835 3195 sollicitudinis
852 3125 1036 3211 adimpleri,
1056 3123 1176 3194 discre-

57 3236 140 3300 tioni
156 3244 211 3298 tue
227 3253 286 3318 per
303 3236 496 3320 Apostolica
514 3235 637 3322 scripta
663 3237 797 3304 firmiter
812 3235 1024 3322 precipiendo
1042 3232 1175 3300 manda-

56 3363 141 3416 mus,
159 3351 321 3426 quatenus
337 3342 379 3409 de
395 3343 532 3411 consilio
558 3342 739 3428 aliquorum
764 3345 899 3411 fratrum
923 3345 1029 3432 ipsius
1052 3342 1176 3412 ordinis

56 3451 165 3536 eligas
193 3449 276 3516 dnos
303 3449 344 3516 de
370 3449 526 3518 iratribus
543 3452 646 3537 ipsius
671 3451 793 3518 ordinis
810 3458 864 3519 tna
881 3451 1178 3520 administrationis

56 3557 193 3623 idoneos
209 3557 254 3623 ad
274 3558 460 3625 huiusmodi
486 3578 567 3642 opus
584 3559 780 3628 dominicum
796 3560 1047 3646 exequendum,
1064 3559 1176 3643 eisque

55 3667 90 3732 in
107 3665 230 3732 virtute
256 3667 445 3734 obedientie
471 3667 618 3735 districte
643 3667 836 3754 Apostolica
852 3669 1022 3756 precipere
1039 3671 1176 3737 auctori-

55 3780 126 3841 tate
142 3793 310 3860 procures,
322 3781 358 3842 ut
373 3775 577 3858 inquisitoris
590 3775 729 3844 cilicium
741 3777 774 3845 in
790 3778 873 3845 locis
889 3777 1047 3863 predictis
1064 3783 1177 3844 contra

54 3880 241 3967 heredicos,
260 3883 440 3968 credentes,
459 3885 614 3968 lautores,
626 3885 817 3953 defensores
834 3893 867 3951 et
884 3891 1107 3972 receptatores
1123 3903 1176 3952 eo-

53 4011 148 4079 rum,
173 3991 269 4058 iuxta
293 3991 430 4063 formam
456 3995 489 4060 in
514 3993 592 4060 aliis
609 3995 808 4079 Apostolicis
834 3995 949 4064 litteris
975 4013 1175 4080 expressam,

53 4121 121 4186 que
136 4100 293 4171 fratribus
319 4103 457 4186 predicti
483 4103 607 4172 ordinis
632 4104 878 4190 inquisitoribus
895 4103 1085 4172 huiusmodi
1103 4123 1176 4190 pra·

51 4209 172 4276 vitatis
189 4210 222 4276 in
239 4211 363 4278 eisdem
381 4212 462 4278 locis
478 4211 645 4299 deputatis
662 4213 858 4281 auctoritate
873 4214 1066 4298 Apostolica
1081 4219 1115 4278 et
1130 4211 1176 4277 in-

53 4325 225 4403 posterum
237 4317 443 4410 deputandis,
461 4343 527 4390 non
543 4321 709 4407 expressis
720 4323 902 4406 aliquorum
919 4321 1177 4402 nominibussu·

53 4448 116 4513 per
133 4429 325 4514 exequendo
350 4429 435 4497 dicto
462 4431 670 4515 inquisitoris
695 4429 800 4500 officio
816 4432 1039 4515 destinantur,
1060 4433 1178 4514 exequi

54 4536 214 4605 studeant
239 4539 424 4624 diligenter.
449 4541 519 4607 Nos
545 4541 631 4608 enim
651 4541 815 4626 predictos
842 4541 925 4608 duos
941 4540 1059 4608 fratres
1071 4589 1080 4624 ,
1097 4559 1177 4622 quos

54 4643 102 4710 ad
117 4646 180 4714 hoc
196 4649 348 4734 elegeris,
362 4656 394 4718 et
409 4656 580 4737 utrumque
595 4651 749 4740 ipsorum,
770 4651 931 4742 prefatum
946 4648 1086 4717 cilicium
1103 4667 1175 4715 exc-
