3072 5168
832 256 983 356 „m-

346 452 399 521 die
414 453 602 522 lestiuitatis
626 452 779 539 Corporis
796 452 836 520 X.
858 450 1008 540 (Christi)
1027 455 1120 521 Anno
1136 454 1279 522 eiusdem
1297 453 1356 522 Ml
1379 453 1458 523 00⁰.

344 562 555 648 nonagesimo
575 561 731 627 secundo.

347 759 386 830 (Α
395 759 477 830 gydri
490 756 690 829 kdptalannalr
704 757 859 828 „magister
872 756 1018 812 Emericus
1031 755 1194 813 canonieus
1203 756 1332 814 Eoclssie
1346 755 1461 814 Posoni-

347 849 424 906 ensis
436 849 551 905 nomina
573 855 603 903 ot
624 848 688 904 vice
703 848 890 902 discretorum
912 847 1035 904 virorum
1049 848 1175 921 magistri
1195 847 1305 904 Nicolai
1319 847 1461 919 Prepositi

349 947 379 997 et
391 937 519 1012 Capituli
541 935 672 994 Ecclesie
694 935 838 994 eiusdem“
863 935 1000 994 kdrdsdre
1013 937 1127 994 kiadott
1149 936 1313 994 sitiratdbdl.
1342 940 1462 1008 „Datum

348 1037 378 1088 et
390 1035 484 1088 ectum
497 1027 570 1086 feria
582 1029 709 1086 secunda
718 1029 847 1098 proxima
859 1035 926 1101 post
940 1027 1044 1086 festum
1054 1028 1238 1085 Asconsionis
1251 1030 1368 1085 Domini
1383 1030 1462 1100 (Mdj.

349 1121 386 1190 5.)
400 1121 485 1177 Anno
499 1119 624 1176 eiusdem
635 1117 678 1174 M⁰
691 1118 773 1176 000⁰
785 1120 920 1176 vicesimo
933 1127 1022 1177 sexto.
1036 1119 1181 1194 Magistris
1194 1120 1315 1192 Mathya
1327 1121 1457 1184 Lectore,

349 1211 470 1268 Nicolao
484 1209 610 1266 Centena
623 1215 653 1264 et
665 1208 777 1266 Jacobo
791 1209 917 1267 Custode
931 1209 1060 1267 Ecclesia
1073 1217 1170 1268 nostre
1183 1209 1397 1268 existentibus!
1411 1209 1461 1266 Po

385 1297 627 1371 nsonykdptalani
641 1297 870 1374 magdnlovdltdr
884 1298 979 1371 (lapsa
991 1297 1022 1353 0.
1036 1299 1119 1356 Fasc.
1131 1299 1157 1354 4.
1170 1299 1237 1356 Nro.
1250 1301 1294 1356 39.
1314 1302 1429 1367 11111111.)

778 1593 1041 1603 ——n—--u--ffl

878 2135 937 2200 dd.

353 2332 487 2420 Milzo‘dy,
503 2329 583 2418 prof
594 2331 703 2394 Bactra
720 2331 782 2416 fio,
798 2331 882 2396 Locd
897 2329 1076 2418 helyodpbsn
1100 2331 1166 2396 louc'i
1179 2334 1385 2416 re'sajdozdpdt
1399 2333 1458 2415 orip-

405 2441 606 2526 randolstiley
620 2461 642 2503 a
657 2440 778 2525 nyitroi
792 2437 1014 2528 kdptclamaalc
1029 2440 1287 2526 dopyomdyoaza.
1312 2441 1407 2506 1292.
1520 2491 1521 2506 r

463 2635 649 2724 Capitulum
666 2636 817 2705 Ecclesie
842 2637 1052 2707 Posoniensis
1068 2636 1217 2705 omnibus
1234 2631 1460 2704 011111ῐί111Ιί-
1520 2653 1521 2662 ¹

355 2745 416 2814 bns
432 2753 499 2813 tam
525 2747 752 2836 presentibus,
770 2766 866 2830 quam
885 2747 1010 2824 futuris,
1027 2766 1165 2832 presens
1190 2743 1348 2830 scriptum
1363 2747 1459 2828 inspe
1520 2729 1521 2816 i

354 2855 453 2924 ctnris
469 2853 609 2925 salutern
625 2854 657 2920 in
669 2855 810 2934 Domino
825 2855 1068 2940 sempiternam.
1084 2855 1138 2923 Ad
1153 2853 1377 2922 vniucnorun
1390 2849 1460 2917 noti·
1520 2925 1521 2948 χ

355 2963 440 3030 ciam
456 2961 572 3029 harum
588 2961 675 3031 serie
698 2962 848 3030 uolumus
871 2964 1065 3048 peruenire,
1090 2959 1265 3046 quodcum
1281 2959 1418 3027 Michaol
1430 2956 1460 3023 fi·

354 3071 418 3138 lius
433 3068 569 3138 domitis
593 3070 708 3137 Baoha
723 3071 756 3136 in
782 3071 868 3138 lecto
893 3069 1086 3158 egritudinis
1102 3071 1328 3152 recumberet,
1353 3067 1394 3136 ad
1409 3081 1460 3133 nos

355 3181 488 3247 Petrum
497 3178 595 3245 filium
606 3178 697 3246 Peolr
707 3165 887 3264 proximum
898 3197 990 3246 suum
999 3176 1190 3265 transmisit,
1200 3196 1259 3262 per
1270 3196 1366 3260 quem
1381 3171 1461 3243 nobis

355 3285 520 3355 humiliter
536 3285 753 3373 supplicauit,
780 3290 815 3354 vt
830 3283 873 3352 ad
889 3282 1087 3354 audiendum
1103 3304 1197 3352 suam
1212 3281 1459 3352 testamentalem

357 3393 610 3480 disposicionem
635 3413 677 3461 ex
692 3393 787 3461 nobis
804 3393 888 3463 duos
905 3393 1107 3462 mitteremus
1122 3412 1182 3480 pro
1197 3390 1401 3476 testimonijs,
1416 3407 1459 3454 ou·

357 3501 409 3570 ius
424 3502 704 3588 supliceoionibus
719 3502 817 3569 iustis
834 3509 867 3570 et
883 3502 1042 3571 modestia
1058 3505 1252 3588 annuentes,
1268 3500 1413 3568 misimus
1425 3513 1459 3560 er

357 3609 452 3678 nobis
469 3611 551 3678 duos
560 3609 647 3678 viros
661 3609 810 3698 ydoneos
820 3609 1059 3680 concanonicos
1068 3617 1211 3695 nostros,
1225 3609 1382 3678 videlicet
1392 3606 1461 3673 Mar-

358 3719 460 3785 tinum
476 3725 510 3790 ot
524 3720 688 3788 Andrean
698 3719 818 3789 dictum
833 3723 975 3804 (lomus,
993 3719 1049 3805 qui
1065 3718 1198 3788 tandem
1209 3716 1333 3786 auditis
1349 3717 1459 3783 ordina·

360 3827 507 3896 sionibus
523 3827 808 3895 testamentalibus
824 3827 928 3913 ipsius
939 3825 1111 3894 Michaelis
1127 3826 1161 3892 in
1177 3843 1288 3892 eorum
1304 3821 1460 3910 presencia

360 3933 457 4003 lactis
473 3932 518 4000 ad
534 3953 595 4000 nos
610 3915 780 4001 redeundo
804 3953 944 4002 unacum
962 3932 1076 4000 eodem
1093 3933 1188 4000 Petro
1204 3935 1325 4018 nepote
1341 3928 1459 3998 (lonitis

359 4040 482 4125 Bacha,
499 4043 627 4110 Thoma
642 4040 709 4110 filio
725 4039 836 4109 Indrih
853 4061 974 4129 genero
992 4041 1071 4109 dicti
1087 4039 1211 4124 Bacha,
1227 4039 1385 4106 Mauricio
1406 4039 1457 4106 filio

361 4150 523 4237 Stephani
540 4151 582 4218 de
597 4152 710 4236 Baab,
736 4151 857 4237 Ipolito
883 4152 949 4220 filio
966 4151 1083 4221 (lhuda
1098 4159 1130 4218 et
1154 4150 1280 4218 Comite
1296 4153 1393 4220 Petro
1407 4147 1459 4216 filio

361 4259 474 4344 lanus,
491 4259 657 4327 nobilibus
682 4260 725 4329 de
740 4261 893 4344 Wasard,
917 4260 1110 4350 propinquis
1135 4268 1168 4328 et
1192 4259 1349 4346 proximis
1372 4258 1459 4345 ipsius

362 4367 553 4450 Michaelis,
569 4369 663 4437 nobis
679 4369 790 4437 taliter
804 4370 1002 4451 retulerunt,
1029 4367 1116 4452 quod
1132 4367 1209 4434 licet
1232 4367 1398 4453 predictus
1411 4360 1457 4429 Mi·

362 4473 456 4542 chael
472 4474 629 4559 passione
653 4473 890 4560 egritudinaria
914 4476 1097 4560 laboraret,
1124 4483 1233 4543 tamen
1249 4482 1357 4544 ments
1371 4487 1456 4542 sanus

362 4601 420 4670 per
436 4582 555 4667 omnia,
572 4583 655 4651 inter
665 4583 751 4656 alias
761 4585 992 4653 ordinaciones
1008 4603 1085 4654 suas
1095 4586 1360 4655 testamentariae
1374 4599 1456 4668 quan·
