3072 5168
866 998 924 1065 80.

335 1199 437 1263 ΙῙάοοο
460 1196 591 1282 uiqrdbr'
609 1196 732 1282 pttcplik
756 1199 787 1260 έο
813 1218 850 1259 ae
875 1197 976 1259 ottoni
999 1195 1156 1282 lodptolaru
1181 1195 1463 1285 bizonysdpleeele,

337 1306 416 1393 boqy
427 1304 551 1392 Zriprdb
568 1307 662 1369 coros
678 1306 709 1368 ts
723 1303 940 1368 amedaeodri
956 1307 1099 1390 odonapy
1115 1305 1401 1392 epyeaetleneepcik
1422 1317 1463 1370 te-

647 1412 817 1478 timeon
840 1411 1028 1478 kiboltttltsk.
1047 1413 1142 1480 1295.

444 1611 512 1676 Nos
528 1607 698 1678 lohannes
723 1610 938 1678 miseracione
961 1609 1083 1677 Divina
1098 1611 1280 1697 Episcopus
1299 1612 1463 1696 Zagrabl·

339 1716 426 1786 ensis
444 1725 476 1785 et
493 1717 677 1804 Capitulum
695 1719 758 1787 loci
781 1718 927 1787 eiusdem
944 1717 1171 1803 significamus
1188 1721 1305 1803 quibus
1321 1722 1463 1807 expedit

337 1825 498 1894 uniuersis
515 1827 668 1894 memorie
685 1825 975 1894 commendantes:
1002 1827 1088 1907 quod
1114 1827 1232 1895 comes
1258 1829 1380 1896 Nicola
1396 1830 1461 1897 (la-

338 1935 498 2002 stellenus
513 1933 632 2000 domini
658 1934 758 2017 Regis
774 1933 815 2000 de
831 1933 969 2017 Medwe,
986 1941 1018 2000 et
1033 1935 1172 2004 laninus
1190 1937 1291 2004 freter
1309 1935 1460 2004 eiusdem

338 2043 381 2110 ab
399 2062 464 2109 une
479 2051 593 2130 parte;
609 2042 800 2132 etAndreas
811 2042 915 2110 Maior
933 2043 1010 2108 uille
1030 2063 1070 2111 ac
1087 2042 1318 2115 Uniuersltatis
1335 2045 1460 2112 ciuium

340 2152 553 2219 Greceusinm
571 2171 611 2216 ex
628 2151 751 2232 altera,
778 2153 812 2217 in
840 2151 942 2217 nostri
961 2153 1134 2237 presencia
1152 2153 1367 2238 personaliter
1383 2174 1460 2220 θοιι-

340 2260 462 2336 stituti,
487 2259 637 2328 omnibus
662 2257 792 2340 litibus,
814 2259 1070 2334 aduersitatibus
1096 2265 1129 2326 et
1148 2259 1330 2346 inimicicijs
1358 2281 1460 2348 snper

341 2367 479 2436 diuersis
495 2366 625 2435 damnis
642 2373 675 2435 et
690 2385 901 2452 personarum
921 2367 1202 2452 captiuacionibus
1218 2389 1276 2436 seu
1292 2370 1460 2437 deteneio

341 2477 437 2545 nibus
453 2477 529 2544 bine
545 2476 620 2544 inde
637 2477 802 2562 irrogatis,
828 2476 987 2544 intereos
1010 2479 1142 2545 racione
1166 2478 1340 2546 occisionis
1368 2481 1459 2546 Petri

340 2583 398 2652 filii
408 2583 515 2650 chk
532 2583 685 2666 subortis,
702 2582 777 2668 paci
790 2582 1008 2672 consulentes,
1019 2586 1113 2652 iuxta
1126 2587 1315 2655 mandatum
1331 2586 1458 2654 domini

341 2691 442 2777 Regis
457 2693 588 2776 penitus
604 2690 839 2758 renunciarent
855 2716 863 2758 :
881 2691 950 2777 ita,
977 2681 1063 2776 qubd
1080 2693 1248 2778 predictus
1265 2696 1383 2767 (lomes
1400 2697 1431 2762 N
1435 2699 1456 2762 i·
1527 2703 1528 2706 ’

342 2801 416 2868 cola
432 2809 465 2866 et
489 2800 629 2870 laurinus
654 2799 757 2865 frater
785 2800 877 2884 ejus,
903 2821 943 2867 ac
959 2801 1095 2883 quilibet
1117 2805 1150 2869 in
1176 2823 1286 2870 eorum
1311 2803 1457 2872 dominic

342 2909 519 2994 constituti,
536 2915 593 2976 eut
610 2909 653 2974 ad
669 2908 759 2994 ipsos
772 2909 987 2995 pertinentes,
1004 2916 1155 2994 pretextu
1164 2912 1455 2996 damnificaoionis,

342 3018 557 3087 aduersitatis
572 3019 625 3086 uel
642 3018 849 3086 detencionls
866 3037 1081 3104 personarum
1092 3021 1209 3088 amodo
1226 3023 1318 3089 nulla
1333 3022 1457 3088 damna

342 3147 400 3196 seu
417 3133 612 3194 nocumenta
638 3127 692 3193 uel
709 3127 846 3195 iniurias
872 3127 1021 3213 aliquas,
1048 3129 1216 3215 presertim
1241 3131 1345 3196 denec
1369 3130 1455 3198 idem

342 3239 459 3306 Comes
476 3237 592 3302 Niccla
608 3242 641 3301 et
657 3236 761 3303 frater
777 3237 847 3304 eius
875 3238 1058 3304 custodiam
1075 3241 1341 3308 conservacionls
1357 3242 1456 3307 castri

343 3345 470 3412 Medae
485 3345 670 3427 habebunt,
696 3345 912 3413 mencionatis
929 3347 1056 3413 ciuibus
1073 3347 1165 3414 etad
1183 3367 1239 3418 eos
1259 3348 1456 3432 quibuslibet

343 3453 579 3540 pertinentibus
589 3453 795 3520 inferentaut
806 3453 917 3521 inferri
928 3455 1053 3524 faciant
1064 3457 1239 3526 manifeste
1255 3459 1306 3525 uel
1321 3461 1454 3526 occulte.

295 3553 299 3564 '
342 3564 385 3629 st
399 3581 497 3650 super
515 3561 574 3628 boc
590 3561 736 3630 cauendo
762 3569 795 3628 et
810 3563 1020 3632 obseruando
1036 3565 1269 3634 inviolabiliter
1294 3565 1373 3635 dicti
1391 3565 1452 3632 (lc-

344 3689 413 3738 mes
429 3671 546 3738 Nicola
562 3680 592 3738 et
607 3671 708 3737 freter
725 3669 795 3740 eius
811 3674 911 3738 tactis
927 3673 1155 3742 Saorosanctis
1178 3673 1325 3759 reliquiis
1341 3676 1453 3764 presti-

343 3786 452 3847 terunt
476 3781 703 3846 iuramentum.
725 3783 802 3848 lite
828 3801 985 3851 conuerso
1010 3781 1178 3868 predictus
1198 3784 1304 3850 Maior
1330 3785 1403 3852 uille
1420 3791 1452 3848 et

343 3885 550 3955 Uniuersitas
568 3887 688 3955 ciuium
706 3887 922 3971 promiserunt
938 3897 971 3956 et
987 3900 1244 3978 assumpserunt,
1262 3894 1350 3976 quod
1364 3892 1452 3959 nulla

345 3995 489 4084 dampna
505 4001 538 4062 et
563 3997 701 4064 iniurias
718 3998 845 4064 eisdem
869 3997 987 4067 Gemiti
1002 3998 1121 4067 Nicole
1144 4009 1177 4068 et
1193 3999 1288 4070 fratri
1314 4005 1381 4070 eius
1396 4004 1451 4070 Ja-

344 4107 422 4172 nino
438 4111 496 4172 aut
511 4103 719 4191 quibuspiam
735 4107 780 4174 ed
796 4123 851 4174 eos
870 4101 1096 4193 spectantibus
1121 4109 1261 4177 inferent
1276 4113 1329 4178 uel
1344 4110 1450 4176 inferri

345 4213 468 4284 facient
482 4233 540 4302 per
556 4235 593 4282 se
608 4223 665 4281 aut
681 4215 843 4298 quoslibet
858 4215 903 4282 ad
918 4235 974 4282 eos
991 4218 1142 4284 similiter
1158 4220 1369 4304 pertinentes.
1391 4218 1449 4283 Sn-

345 4342 403 4410 per
419 4323 537 4407 quibus
553 4322 701 4392 similiter
726 4322 941 4391 observandis
958 4332 990 4390 et
1006 4329 1217 4396 attendendis
1233 4326 1333 4416 ijdem
1351 4327 1449 4396 bleicr
1489 4367 1491 4370 -

346 4432 423 4498 uille
449 4437 483 4498 et
506 4431 598 4499 ciues
623 4432 833 4516 prestiterunt
860 4434 1073 4500 iuramentum
1108 4437 1204 4505 tactis
1233 4439 1448 4505 Sacrersnetls

346 4539 556 4624 Euangelus,
580 4547 719 4627 excepto
736 4561 794 4608 seu
810 4541 949 4611 deducto
969 4542 1056 4612 lacto
1073 4545 1247 4614 occisionis
1262 4545 1319 4632 filij
1336 4545 1447 4624 Wenk,

346 4650 430 4730 quod
446 4648 633 4715 executioni
649 4649 793 4717 eiusdem
810 4651 916 4719 Wonlr
932 4659 983 4718 est
999 4655 1156 4719 relietum.
1179 4655 1333 4722 Preterea
1350 4656 1375 4720 si
1390 4655 1447 4718 ali·
