3144 5180
332 1155 355 1218 I
358 1153 391 1220 V.
408 1153 525 1218 Mittor
536 1157 627 1239 pcipe
638 1153 828 1218 Beooeuatot
838 1151 984 1237 copobioi
993 1150 1150 1238 perpotet
1159 1151 1462 1235 Mupyororszdpra

445 1264 536 1326 coece
552 1261 639 1326 macc
656 1261 790 1345 apostoli
804 1261 952 1325 Ιοόυειηοίσ
961 1259 1221 1345 selbutalmozzu.
1246 1258 1346 1322 1290.
1447 1303 1458 1324 .

440 1461 596 1528 Nicolans
606 1460 791 1546 Episcopus
801 1479 917 1528 seruus
934 1477 1100 1526 seruorum
1115 1457 1179 1523 Dei
1188 1454 1369 1526 venerabili
1385 1453 1461 1520 ira-

330 1571 376 1658 ,tri
390 1569 428 1635 Β.
443 1569 607 1656 Episcopo
623 1569 817 1654 Ilugubino,
834 1569 1024 1655 Apostoliee
1039 1564 1134 1634 Sedis
1149 1567 1287 1652 Legalo,
1311 1563 1462 1632 salutem

334 1684 368 1744 et
384 1677 606 1764 Apostolicam
630 1675 901 1746 benedictionem.
926 1676 1000 1744 Etsi
1016 1675 1164 1742 Romana
1188 1671 1360 1756 Ecclesia,
1379 1692 1465 1738 eun·

334 1793 458 1854 ctornm
473 1790 624 1852 meteret
640 1783 800 1870 magistra
810 1784 968 1870 fidelium,
985 1784 1074 1850 circa
1088 1783 1253 1850 salubrem
1269 1782 1463 1864 Regnorum

333 1893 434 1960 totius
454 1892 715 1963 Christianitatis
741 1899 862 1960 statum
889 1891 1117 1959 sollicitudinis
1144 1890 1287 1957 studium
1312 1889 1464 1977 gesserit

335 2001 522 2088 diligentie,
539 2021 560 2068 a
576 2002 684 2087 longis
700 2009 810 2068 tamen
826 2011 913 2069 retro
937 2001 1135 2086 temporibus
1153 2000 1241 2064 circa
1256 2005 1377 2066 statum
1393 1995 1465 2062 Re

334 2111 391 2196 gni
408 2109 553 2196 Ungarie
568 2130 760 2197 prosperum
777 2117 810 2176 et
834 2111 978 2178 votivum
996 2128 1127 2176 secura
1146 2109 1299 2194 pervigili
1325 2115 1355 2172 et
1371 2126 1463 2189 qua·

335 2218 410 2286 dam
437 2218 571 2286 solertia
605 2220 741 2305 speciali
765 2225 924 2287 attentam
950 2217 1114 2300 exhibuit,
1150 2225 1183 2284 et
1209 2215 1362 2286 exhibere
1385 2237 1463 2284 non

335 2335 454 2412 cessat,
471 2333 585 2397 ettam
602 2348 661 2415 per
677 2327 876 2416 Legatorum
899 2327 1072 2394 missiones
1089 2325 1340 2408 accommodas,
1357 2333 1465 2412 prout

335 2443 515 2523 temporum
541 2438 683 2520 qualitas
710 2435 882 2524 exigebat,
909 2455 1007 2520 quam
1024 2435 1109 2504 alias
1128 2434 1227 2502 etiam
1244 2432 1466 2520 multipharie

273 2553 281 2576 ⁸
334 2545 511 2628 multisque
535 2545 641 2612 modis
667 2545 821 2613 laborare
844 2545 975 2626 studuit,
1001 2550 1036 2611 nt
1053 2549 1156 2610 status
1177 2545 1323 2611 eiusdem
1337 2543 1465 2628 Regni,

335 2655 472 2721 devotos
487 2651 576 2719 soliti
591 2652 774 2736 producere
789 2651 894 2736 filios,
913 2653 1062 2738 pacificis
1078 2659 1111 2718 ct
1129 2649 1311 2734 tranquillis
1328 2669 1466 2716 sueces-

337 2760 427 2826 sibus
444 2757 629 2844 fulciretur,
646 2763 718 2828 Deo
734 2767 848 2847 gratus
865 2762 1039 2843 existeret,
1064 2782 1105 2828 ac
1122 2760 1266 2830 salubris
1282 2759 1467 2826 haberetur

337 2876 370 2936 et
385 2868 474 2934 utilis
490 2868 605 2937 incolis
631 2869 710 2936 dicti
725 2870 849 2955 Regui;
867 2875 900 2935 et
915 2875 950 2934 ut
967 2868 1050 2936 fides
1076 2866 1247 2936 Catholica
1256 2918 1265 2952 ‚
1282 2885 1464 2953 perquam

337 2977 468 3044 celestis
485 2977 699 3048 beatitudinis
710 2977 889 3061 acquiritur
906 2979 1022 3062 gloria,
1040 2977 1205 3046 radicibus
1216 2977 1331 3043 solidis
1347 2973 1467 3042 firma-

337 3092 423 3154 retur
439 3097 471 3153 et
487 3087 661 3154 stabilibus
686 3093 949 3155 manuteneretur
966 3088 1083 3155 studiis
1103 3089 1137 3150 in
1154 3086 1277 3155 ecdem.
1297 3083 1391 3154 Unde
1408 3083 1468 3150 fe-

336 3195 410 3261 licis
425 3193 665 3263 recordationis
681 3194 838 3263 Nicolaus
856 3197 948 3280 Papa
973 3195 1087 3262 tertius
1104 3194 1318 3278 predecessor
1333 3199 1468 3271 noster,

336 3306 493 3390 perducto
510 3305 554 3372 ad
570 3304 639 3369 eius
649 3304 804 3370 noticiam
820 3304 932 3370 valide
943 3303 1138 3371 turbationis
1155 3302 1352 3385 discrimine,
1369 3305 1469 3385 quod

336 3413 371 3478 in
387 3412 500 3496 Regno
525 3415 597 3497 ipso
627 3416 775 3497 tempore
801 3412 987 3494 quondam.
1009 3412 1156 3498 ..Regis
1182 3410 1326 3497 Ungarie
1352 3430 1468 3495 nuper

338 3521 458 3590 sublati
475 3521 640 3588 demedio
657 3522 858 3600 imminebat,
875 3520 1009 3602 atalia,
1037 3538 1099 3601 que
1115 3519 1304 3602 dampnatis
1321 3519 1469 3586 ausibus

337 3629 613 3715 perpetrabantur
637 3627 757 3696 ibidem
783 3628 815 3692 in
833 3627 1078 3711 derogationem
1106 3647 1167 3693 uon
1194 3626 1354 3696 modicam
1379 3627 1467 3694 fidei

337 3739 534 3819 Christiane,
552 3739 835 3806 conculcationem
852 3733 1079 3802 ecclesiastice
1096 3736 1259 3803 libertatis
1275 3743 1309 3803 et
1325 3755 1468 3824 oppres-

338 3849 446 3915 siones
462 3847 661 3932 multiplices
673 3845 884 3927 Prolatorum,
896 3846 1117 3914 Ecclesiarum
1134 3851 1167 3910 ct
1177 3845 1469 3932 Monasteriornm,

338 3962 371 4022 ct
386 3955 521 4024 aliorum
538 3955 665 4039 piorum
689 3957 833 4020 locorum
850 3953 954 4039 Regni
980 3953 1138 4036 predicti,
1164 3954 1280 4019 volens
1307 3953 1408 4020 tantis
1426 3965 1467 4022 et

338 4071 404 4133 tam
420 4064 575 4150 gravibus
601 4063 736 4131 obviare
752 4061 924 4146 periculis,
951 4069 984 4126 et
1000 4062 1086 4128 Cleri
1104 4081 1144 4127 ac
1161 4064 1322 4128 Beronum
1349 4069 1382 4127 ct
1399 4083 1467 4148 po-

266 4208 268 4219 ·
337 4172 405 4257 puli
421 4171 569 4238 eiusdem
585 4171 690 4257 Regni
703 4169 883 4256 dispendiis
910 4171 1114 4257 compatiens
1131 4190 1173 4235 ex
1189 4171 1321 4254 affectu,
1337 4169 1379 4238 ad
1398 4173 1467 4238 Re-

336 4299 433 4367 gnum
473 4281 579 4365 ipsum
606 4280 829 4346 venerabilem
855 4279 990 4346 fratrem
1014 4286 1162 4346 nostrum
1190 4278 1466 4372 ...Firmianum

337 4389 555 4475 Episcopum,
581 4389 685 4454 virum
702 4388 810 4471 utiquc
826 4385 992 4471 providum
1010 4392 1042 4452 et
1058 4385 1252 4468 discretum,
1278 4388 1463 4456 virtutibus

334 4497 494 4582 preditum
521 4505 553 4562 et
573 4497 710 4582 justicie
726 4498 923 4576 zelatorem,
944 4513 1016 4559 cnm
1032 4495 1130 4579 plene
1147 4496 1324 4582 legationis
1348 4493 1466 4566 officio

336 4603 524 4694 desdnavii,
541 4612 576 4670 ut
593 4602 754 4674 indirecta
774 4602 946 4686 dirigeret,
974 4607 1083 4668 erratu
1098 4601 1275 4689 corrigeret
1301 4609 1334 4671 ct
1350 4601 1467 4671 defor-
