3072 5168
574 385 728 505 *tp-1—

87 601 153 662 tnm
171 593 206 660 in
222 593 307 664 sesto
323 599 418 664 Beati
446 595 698 684 Bartholomey,
715 619 801 665 anno
817 601 947 670 Domini
964 605 1138 676 millesimo
1153 607 1210 676 du·

86 703 269 772 centesimo
284 705 499 787 nonagesimo
519 707 640 790 quinto.

303 895 443 969 (Tentscb
456 895 488 954 ds
500 898 662 959 Fiunlmber
681 900 718 958 iu
732 920 768 957 m.
781 902 802 956 Ι.
815 903 875 960 ket.
890 905 950 962 190.
963 904 996 977 l.)

519 1199 783 1214 ——u———o-——ss

613 1783 672 1850 82.

79 1987 128 2052 Az
144 2001 268 2087 martyr·
276 1997 432 2085 captarat
455 1997 733 2085 tempestato,
750 1999 830 2087 copy
855 2003 980 2090 ιιιιιόι,
997 2005 1113 2071 Mimo
1128 2009 1203 2073 nun

71 2113 131 2195 fla,
153 2103 357 2174 Mokontclelt
381 2106 517 2170 bictolcdt
542 2107 686 2171 Kalamon
710 2107 971 2194 yyuloseberndri
993 2114 1203 2181 koaoowlcaak

373 2215 418 2278 30
444 2223 527 2278 eadat
550 2217 672 2300 pirddrt
687 2213 793 2280 elodto
814 2219 911 2282 1295.

188 2433 373 2519 Capitulum
386 2430 536 2498 Ecclesic
553 2431 649 2498 Beati
666 2430 847 2518 llycbaelis
863 2434 1059 2518 Archangeli
1077 2438 1197 2506 Trans·

77 2546 219 2627 siluane,
239 2541 389 2609 omnibus
406 2541 530 2609 Christi
545 2539 695 2608 fidelibus
712 2548 899 2625 presentem
916 2543 1073 2628 paginam
1090 2545 1196 2634 inspe-

78 2655 179 2720 cturis
195 2653 335 2719 salntem
360 2647 392 2714 in
419 2650 557 2715 omnium
569 2649 748 2715 saluatore.
767 2648 809 2714 Vt
835 2651 938 2732 gestis
955 2651 1118 2717 hominnm
1137 2655 1198 2720 rite

77 2759 391 2841 racionabiliterque
414 2756 583 2842 ordinatis,
610 2755 770 2823 effrenata
786 2757 961 2843 cupiditas,
978 2761 1028 2824 sui
1045 2762 1196 2847 prodiga,

75 2871 172 2956 pacis
187 2869 305 2950 emula,
323 2865 556 2952 calumpniosis
577 2865 645 2931 snis
673 2864 847 2932 conatibus
863 2872 896 2930 ct
912 2869 1077 2933 consuetis
1094 2870 1127 2935 in
1144 2873 1197 2938 lu-

76 2989 185 3046 turum
200 2976 331 3042 minime
346 2981 446 3058 queat
465 2973 639 3040 nouercari
655 2993 712 3039 sev
735 2989 859 3046 nocere,
884 2971 961 3058 ipsa
976 2974 1019 3040 ad
1037 2981 1197 3046 cautelam

76 3085 266 3172 patrocinio
284 3085 463 3150 litterarum
485 3089 722 3148 consuaserunt
737 3081 896 3148 roborari.
915 3083 1054 3150 Proinde
1069 3085 1114 3152 ad
1130 3088 1197 3153 vni·

75 3213 241 3263 uersorum
257 3191 412 3258 noticiam
438 3195 505 3256 tom
531 3191 743 3274 presencium
769 3211 867 3274 quam
887 3190 1065 3258 futurorum
1083 3195 1196 3261 barum

75 3304 159 3370 serie
176 3301 327 3369 volumus
342 3300 524 3385 peruenire,
543 3299 631 3381 quod
649 3297 769 3366 nobilis
788 3301 839 3365 vir
855 3299 1012 3385 magister
1028 3300 1194 3388 Nicotaus,

75 3411 159 3480 filius
177 3409 301 3496 blylrud
329 3409 412 3476 Baui
422 3459 432 3495 ,
449 3407 493 3474 ad
509 3418 654 3474 nostram
680 3409 843 3475 accedens
860 3409 1073 3493 presenciam,
1091 3432 1194 3494 quau·

74 3519 150 3587 dam
167 3526 289 3587 terram
300 3537 393 3583 suam
408 3518 670 3604 Mokoutclukey
686 3527 837 3586 vocatam
846 3517 939 3582 iuxta
959 3519 1067 3586 Morus
1084 3521 1117 3586 iu
1134 3523 1193 3588 Oo-

74 3631 190 3695 mitatu
205 3625 352 3712 Albensi,
367 3645 471 3710 prope
488 3627 623 3710 Ragacb
640 3627 856 3707 existentem,
874 3645 944 3693 cum
965 3627 1115 3694 omnibns
1132 3629 1192 3694 vti·

73 3739 222 3804 litatibus
238 3737 317 3821 suis,
334 3743 366 3802 et
376 3736 601 3820 pertinencijs,
617 3736 709 3802 iuxta
724 3745 853 3802 veteres
864 3740 968 3802 metas
983 3743 1015 3799 et
1030 3737 1192 3822 antiquas,

73 3845 192 3930 quibus
208 3845 285 3930 ipsa
300 3852 389 3908 terra
406 3862 464 3927 per
488 3843 614 3927 priores
631 3861 708 3908 suos
725 3861 936 3925 possessores
953 3842 1058 3908 extitit
1075 3845 1118 3910 ub
1135 3867 1192 3913 au-

72 3954 163 4038 tiquo
179 3952 342 4037 limitata,
367 3951 526 4036 pacifice,
552 3959 585 4016 ot
609 3969 784 4035 possessa,
800 3969 875 4016 cum
893 3972 956 4016 vna
972 3952 1058 4018 silua
1073 3954 1192 4022 Sumus

73 4071 203 4147 uocata,
224 4070 345 4128 etcum
363 4060 539 4126 medietate
560 4059 696 4127 alterius
713 4060 797 4126 silue
813 4079 881 4138 sne,
899 4062 930 4125 in
945 4061 1013 4127 alia
1030 4069 1117 4129 terra
1130 4083 1192 4130 sua

73 4172 189 4256 Hasag
204 4177 414 4254 nuncupata,
438 4168 590 4235 vendidit
614 4167 770 4253 magistro
796 4169 955 4235 Clementi
971 4169 1189 4240 concanonico

72 4289 183 4347 nostro
208 4285 242 4345 et
267 4297 327 4363 per
343 4297 416 4344 eum
433 4279 501 4345 suis
520 4279 681 4363 cognatis,
698 4279 815 4360 quibus
833 4277 918 4343 idem
942 4278 1114 4365 ordinabit,
1131 4301 1189 4364 pro

72 4391 208 4475 triginta
223 4387 344 4452 marcis
369 4386 424 4452 lini
442 4389 581 4472 argenti,
608 4387 755 4474 plenarie
781 4385 931 4452 similiter
956 4407 1068 4453 coram
1093 4388 1188 4454 nobis
1246 4369 1251 4385 ⁴

74 4496 204 4580 babilis,
222 4493 399 4581 persolutis
425 4501 457 4559 et
472 4493 623 4578 receptis,
639 4515 698 4579 per
714 4493 904 4577 magistrum
930 4493 1101 4561 Nicolaum
1117 4516 1188 4582 pre-

72 4609 228 4688 notatnm,
246 4603 316 4668 iure
327 4611 485 4686 perpetuo
496 4609 529 4666 et
545 4603 801 4670 irrevocabiliter
818 4599 1062 4688 possidendam,
1079 4611 1112 4669 et
1133 4605 1186 4669 ba-

73 4708 221 4776 bendum.
239 4709 400 4793 Obligaus
416 4725 452 4776 se
468 4709 554 4776 idem
578 4713 735 4792 magister
750 4711 917 4788 Nicotaus,
933 4711 968 4774 vt
982 4708 1103 4776 dictum
1120 4731 1185 4775 ma·

977 4835 1025 4898 9*
