3072 5168
826 261 982 362 29⁴„

349 457 455 539 tineri,
473 458 559 540 qnod
584 455 747 540 quandam
761 458 960 544 partieulam
978 463 1068 525 terre
1084 455 1220 522 Comitis
1241 456 1391 542 Gregorii
1408 455 1469 524 tilii

348 566 507 636 Johannis
534 566 599 654 ipsi
615 563 733 635 Comiti
759 567 916 652 Gregorio
938 586 997 652 pro
1022 565 1196 635 meritoriis
1221 567 1289 635 suis
1315 565 1468 633 sernieiis

351 675 550 744 eontulisset.
566 673 688 743 contro
698 694 793 758 quem
803 676 869 744 iam
879 675 985 742 dietus
1001 673 1150 744 dominus
1160 673 1273 742 Abbas
1286 671 1468 759 respondit,

351 785 439 870 qnod
454 805 516 852 nee
532 791 653 852 terram
671 784 770 852 oastri
791 804 831 850 ex
848 783 1028 852 oollaoione
1043 783 1148 864 Regia
1171 781 1318 850 habitam
1334 799 1398 848 neo
1413 779 1468 845 he-

351 893 540 962 reditariam
557 901 677 960 terram
693 891 892 978 haberentin
907 892 1058 980 prediola
1068 898 1155 957 terre
1171 891 1262 956 liora
1278 889 1466 973 aliqualem,

351 1003 410 1073 sed
426 1002 557 1070 omnino
574 1009 607 1068 et
622 1001 852 1070 minenaliter
867 1009 956 1069 esset
970 999 1173 1069 hereditoria
1188 1003 1279 1065 terra
1295 1001 1467 1067 monaste-

352 1113 391 1180 rii
407 1111 520 1178 Sanoti
545 1109 687 1176 Martini.
703 1111 771 1178 Nos
787 1129 863 1180 uero
880 1109 1197 1190 aoindieaveramns,
1214 1109 1303 1191 quod
1319 1107 1467 1194 prolatus

353 1219 470 1288 coneo
486 1218 652 1286 lohannes
677 1219 742 1286 iam
760 1219 880 1286 dietam
896 1227 1017 1286 terram
1037 1237 1077 1284 ex
1094 1217 1275 1285 oolloeione
1293 1215 1398 1298 Regia
1414 1216 1467 1283 ha·

352 1329 453 1396 bitom
470 1335 503 1393 et
517 1329 609 1393 iuxta
624 1327 762 1396 eandem
780 1337 898 1396 terram
922 1348 1031 1396 eorum
1058 1323 1310 1410 hereditariam,
1334 1325 1466 1391 sioutin
1517 1309 1518 1400 l

354 1435 525 1522 priuilegio
541 1436 721 1521 presoripto
738 1435 929 1518 eontinetur,
948 1434 1031 1503 feria
1042 1441 1161 1518 quarta
1176 1439 1252 1518 post
1268 1433 1383 1500 festum
1401 1433 1464 1499 ua·
1517 1457 1518 1492 l

354 1544 421 1610 thei
435 1543 585 1628 Apostoli
599 1561 706 1609 eoram
721 1543 909 1612 testimonio
933 1543 1121 1611 (lonnentus
1138 1542 1344 1627 simigiensis
1360 1549 1465 1608 osten·

355 1651 447 1716 deret
461 1649 587 1717 homini
602 1658 714 1718 nostro
741 1659 773 1716 et
798 1670 870 1718 eum
887 1652 1003 1719 eodem
1020 1651 1250 1730 reambnlaret,
1272 1657 1306 1714 et
1320 1649 1464 1716 similiter

357 1759 506 1827 dominus
521 1760 633 1828 Abbas
650 1767 772 1827 terrem
788 1779 880 1827 suam
897 1761 1127 1828 hereditariam
1144 1761 1237 1827 turta
1252 1759 1465 1828 assertionem

356 1889 447 1936 snam
471 1875 697 1957 prenotatam;
722 1871 929 1953 postmodum
955 1873 1050 1938 ambe
1074 1877 1185 1956 partes
1211 1887 1282 1934 oum
1307 1868 1421 1934 litteris
1438 1874 1465 1930 et

356 1977 539 2062 priuilegiis
555 1997 665 2045 eorum
691 1978 735 2044 ari
751 1979 882 2046 finalem
904 1980 1105 2047 deoisionem
1121 1996 1222 2046 oause
1238 1977 1405 2046 sabbatho
1420 1995 1464 2042 se·

358 2085 471 2167 quenti
496 2091 570 2176 post
594 2085 772 2170 prediotum
797 2087 967 2153 terminum
992 2091 1219 2171 comparerent
1243 2105 1354 2154 eoram
1377 2086 1465 2152 nobis

357 2195 486 2261 iterato.
502 2193 644 2278 Ipsoque
670 2193 724 2262 die
749 2193 946 2264 adueniente
970 2195 1136 2281 prediotus
1162 2195 1279 2262 (lomes
1307 2195 1463 2262 Johaones

358 2323 423 2372 non
440 2301 538 2382 veuit,
556 2320 617 2368 neo
633 2302 775 2384 aliquem
801 2321 860 2388 pro
875 2320 912 2369 so
928 2303 1027 2388 misit,
1045 2301 1213 2388 prediotus
1229 2321 1307 2369 vero
1324 2301 1464 2369 dominus
1517 2351 1518 2366 ,

359 2413 473 2479 Abbas
488 2411 578 2478 venit
588 2409 632 2477 ad
648 2411 868 2480 exhibendum
880 2431 973 2480 suum
990 2411 1196 2496 priuilegium
1214 2411 1259 2480 ad
1275 2411 1404 2478 finalem
1417 2411 1461 2474 de

359 2521 514 2585 oleionem
529 2535 627 2586 oause
642 2539 701 2587 sue
717 2519 830 2586 ordine
845 2520 1017 2588 iudioiario
1035 2519 1246 2604 suseipiendi,
1263 2519 1462 2607 exhibuitque

361 2629 488 2694 litteras
504 2625 642 2712 predioti
661 2629 867 2713 (tenuentur,
894 2630 928 2694 in
946 2630 1063 2713 quibus
1079 2629 1278 2715 reperimus,
1304 2627 1460 2710 quodiam

362 2737 466 2805 dietus
491 2734 639 2802 dominus
666 2737 776 2807 Abba·
793 2755 888 2823 super
912 2737 1031 2804 faeiem
1058 2747 1144 2803 terre
1167 2755 1225 2803 seu
1252 2733 1462 2821 possessionis

363 2844 457 2910 Kara
471 2845 703 2928 eomparendo,
720 2847 866 2912 totaliter
890 2849 924 2912 in
941 2847 992 2910 ins
1012 2854 1044 2910 et
1069 2845 1299 2930 proprietatem
1318 2843 1393 2912 dieti
1408 2845 1462 2910 llo·

361 2956 497 3021 nestorii
537 2955 700 3038 pertinere
742 2953 881 3023 dixisset
921 2962 1039 3022 terram
1082 2954 1173 3019 Kara
1206 2954 1460 3038 prenominatam,

364 3062 529 3147 prediatus
555 3081 633 3128 vero
659 3061 827 3128 Johsnnes
852 3083 917 3130 non
934 3065 1177 3146 comparuisset,
1201 3079 1262 3128 nse
1278 3062 1358 3129 illuo
1372 3059 1462 3125 renis-

365 3180 414 3236 set
429 3181 464 3236 vt
480 3179 713 3256 assumpserat.
731 3169 799 3238 Nos
816 3171 914 3255 igitur
930 3170 1141 3237 considerata
1167 3175 1200 3237 et
1215 3169 1381 3237 intelleota
1395 3165 1461 3231 sori-

365 3287 444 3364 tate,
461 3287 494 3343 et
508 3277 647 3344 maxime
665 3279 742 3360 quia
761 3279 926 3363 predictus
943 3279 1061 3346 Oomes
1077 3278 1243 3344 lohannes
1260 3277 1302 3342 ad
1321 3277 1462 3344 exhiban-

366 3387 440 3452 dum
455 3405 548 3452 suum
564 3385 770 3470 priuilegium
787 3395 820 3453 et
835 3387 879 3453 ad
895 3385 1024 3452 finalem
1041 3385 1236 3452 denisionem
1253 3403 1355 3451 oause
1369 3383 1461 3450 venire

367 3515 430 3561 non
447 3496 593 3576 tutabat,
604 3502 640 3560 vt
655 3493 859 3580 premittitur,
876 3493 983 3579 ipsam
999 3499 1119 3560 terram
1136 3495 1227 3560 Kana
1244 3511 1316 3557 eum
1331 3489 1461 3558 omuibus

367 3602 559 3668 utilitatibus
574 3610 607 3668 et
622 3603 830 3687 pertinenoiis
848 3601 915 3666 suis
931 3621 970 3668 ao
985 3611 1080 3685 prato
1091 3608 1131 3668 et
1145 3599 1249 3668 vineis
1265 3601 1380 3666 ordine
1391 3594 1461 3684 jndi-

369 3713 470 3778 oiario
487 3711 550 3792 ipsi
566 3710 766 3778 Monasterio
784 3710 898 3776 Sanoti
913 3711 1042 3777 Martini
1059 3709 1257 3776 restituimus
1282 3727 1341 3774 sen
1367 3703 1460 3774 statui·

368 3837 437 3885 mos
453 3821 487 3884 in
503 3835 586 3902 paee
598 3818 791 3904 habendam,
805 3820 980 3885 tenendam
997 3825 1030 3892 et
1040 3817 1284 3905 possidendam.
1302 3817 1456 3884 Presentes

370 3937 476 3994 antem
488 3935 620 4014 propter
639 3929 795 3993 maiorem
811 3928 859 3994 rei
875 3930 1035 3994 eantelom
1060 3925 1169 4010 sigillo
1186 3925 1359 4010 prescripti
1374 3919 1459 4012 predi·
1517 3941 1518 3968 t

371 4039 413 4102 eti
424 4036 573 4120 Magistri
582 4037 712 4104 iwanoe
721 4035 841 4101 domini
852 4035 953 4104 nostri
969 4034 1104 4101 fecimus
1115 4035 1264 4118 sigillari.
1276 4027 1459 4099 Datumsab·

371 4145 470 4212 hatho
486 4142 634 4229 proximo
653 4149 728 4228 post
742 4143 859 4208 festum
874 4143 1008 4231 ltlethey¹
1018 4143 1166 4227 Apostoli
1182 4160 1267 4208 anno
1284 4137 1408 4208 Domini
1421 4130 1458 4200 ll⁰

371 4251 440 4320 00⁰
454 4252 664 4337 nonagesimo
686 4257 812 4334 quarto.

372 4412 410 4482 (A
431 4413 560 4484 somogyi
582 4428 621 4466 sn,
645 4409 746 4483 egyedr
770 4411 1020 4468 lronventlllss-lri
1044 4409 1209 4481 etiratobtl,
1229 4411 1304 4482 mely
1318 4403 1457 4466 liriotslikt

635 4515 674 4553 su.
688 4499 808 4554 martoni
818 4497 973 4574 idapetsig
986 4497 1210 4566 levelttlmiban.)

808 4678 1032 4694 m..-
