3094 5168
567 251 732 354 *sss-

80 455 199 538 sponte
224 456 497 536 assumpserunt,
525 447 605 514 etin
631 465 829 532 quocunque
856 445 996 515 articulo
1021 443 1211 515 reiricutnm

81 557 191 636 inerit,
208 557 243 624 in
259 558 429 644 premissis
445 575 544 643 pars,
561 574 625 639 quc
640 555 824 641 predictam
840 554 1117 641 composicionem
1135 573 1209 622 con·

82 665 275 752 tempserit,
303 665 375 733 sine
401 665 539 750 strepitu
552 662 670 749 judicij
696 663 826 731 amittet
849 662 883 730 in
910 665 1039 749 prefata
1064 661 1210 729 Ilmeuch

84 776 306 858 possessione,
323 773 357 842 in
373 775 471 842 terris
487 777 519 840 et
534 772 567 837 in
585 772 690 855 aquis,
715 791 810 840 susm
826 773 1080 858 possessionem.
1106 805 1147 818 -
1167 803 1211 816 -

214 1075 366 1149 (Eredetie
380 1095 399 1134 a
411 1075 510 1134 Nema.
522 1073 657 1132 Muzeum
670 1073 795 1132 keairati
807 1069 1093 1146 gyiijtemenycben.)

520 1366 776 1377 -—-—-—---—

88 2097 290 2186 Apozsonyr'
308 2093 462 2184 kcptoloo
486 2093 749 2184 bizoopectploooio
758 2146 769 2180 ,
786 2095 865 2184 hopy
890 2095 1015 2185 Koroly
1038 2091 1121 2184 prof
1139 2093 1218 2162 Sorr-

87 2206 217 2274 donat
233 2206 303 2291 fia,
329 2205 455 2270 sessore
471 2204 651 2270 Domonlcos
678 2204 853 2294 mcpo'lotcoo
878 2205 1054 2294 tdrpydhan
1078 2205 1221 2271 Po'toerol

87 2317 228 2381 Mdrtort
234 2311 341 2398 fidoal
365 2315 397 2378 oe
411 2309 560 2376 Potcssal
582 2311 724 2378 Zocrard
740 2323 848 2379 mestos
854 2313 970 2400 fldool,
995 2315 1222 2402 cpyszorcmc'od

179 2422 339 2488 rokoooc'k
354 2421 485 2487 ooocbeo
508 2421 547 2508 io,
564 2419 789 2508 Mrdmdpoooo
806 2423 1015 2512 opyczkcdtok.
1032 2425 1130 2489 1299.

421 2602 460 2670 A.
570 2603 605 2666 B.
715 2601 751 2669 0.
859 2604 900 2670 D.

202 2761 376 2832 Vniuersis
403 2763 523 2832 Christi
539 2761 700 2846 fidelibus,
718 2769 890 2849 presentes
916 2763 1045 2832 litteras
1061 2764 1224 2852 inspectu-

89 2873 137 2940 ris
159 2872 352 2959 Capitulum
377 2871 528 2942 Ecclesie
553 2870 767 2940 Posoniensis
794 2873 933 2940 salutem
958 2874 992 2940 in
1017 2871 1135 2940 salutis
1162 2891 1223 2938 au-

87 2973 197 3048 ctore.
216 2979 271 3046 Ad
295 2979 520 3047 uniuersorum
546 2978 702 3047 noticiam
719 2983 834 3046 tenore
849 2979 1057 3064 presencium
1073 2978 1224 3047 volumus

86 3087 283 3174 peruenire,
300 3087 389 3172 quod
407 3089 592 3156 constitutis
617 3087 839 3174 personaliter
854 3105 966 3152 coram
983 3088 1078 3156 nobis
1095 3085 1223 3155 Gomite

84 3197 224 3266 Karulo
242 3193 309 3260 iilio
324 3195 507 3262 Alexandri
521 3214 580 3279 pro
592 3213 629 3260 se
640 3200 673 3261 et
688 3214 749 3279 pro
767 3193 834 3261 filio
851 3213 920 3282 suo,
938 3214 978 3263 ac
993 3214 1054 3281 pro
1072 3196 1224 3262 omnibus

84 3301 249 3394 cognatis
266 3303 425 3370 etamicis
442 3303 509 3371 suis
520 3303 563 3371 ab
580 3323 646 3370 una
662 3311 776 3389 parte3
793 3303 891 3372 Petro
908 3323 987 3370 uero
1003 3303 1070 3374 filio
1091 3302 1225 3372 Martini

82 3435 145 3502 pro
167 3435 210 3482 se
227 3419 262 3479 ct
276 3430 336 3495 pro
351 3411 462 3490 Pctus,
483 3409 550 3478 filio
567 3411 717 3496 magistri
740 3409 896 3478 Zoerardi
906 3460 915 3495 ,
935 3415 968 3477 et
993 3431 1053 3499 pro
1071 3412 1223 3482 omnibus

82 3523 257 3609 cognatis,
276 3520 403 3603 amicis,
421 3525 454 3586 ct
479 3519 700 3587 seruientibus
716 3521 785 3587 suis
802 3519 845 3586 ab
863 3519 988 3604 altera;
1004 3518 1092 3588 idem
1108 3518 1225 3590 Comes

81 3632 246 3701 Karulus
263 3635 316 3698 est
340 3626 512 3696 confessus
537 3626 615 3694 vius
630 3645 720 3712 uoce,
738 3627 823 3712 qnod
840 3627 919 3695 licet
934 3633 1025 3694 mota
1044 3626 1144 3696 fuerit
1159 3647 1226 3696 ma·

78 3742 173 3808 teria
213 3733 400 3820 questionis
424 3735 508 3804 inter
533 3735 626 3822 ipsos
651 3754 750 3822 snper
776 3741 882 3804 morte
908 3734 1092 3821 Dominici,
1113 3735 1227 3806 fratris

81 3845 247 3916 eiusdem
263 3843 392 3929 Rutuli,
408 3841 507 3910 illata
522 3863 581 3929 per
592 3841 733 3925 Petmm,
749 3848 782 3908 ct
798 3861 856 3927 per
872 3848 998 3929 patrem
1013 3863 1108 3914 suum
1121 3844 1228 3913 Oomi·

77 3958 153 4027 iem
170 3953 365 4036 Martinum,
385 3958 417 4020 et
433 3953 627 4036 magistrum
641 3951 847 4032 Zoerardum,
864 3969 906 4016 ac
922 3969 981 4037 por
996 3951 1081 4021 alios
1109 3971 1228 4038 cogna-

80 4075 153 4155 tos,
173 4061 309 4130 amicos
326 4065 359 4128 et
369 4059 550 4128 seruientee
567 4058 765 4144 eorundem3
781 4059 827 4128 ad
836 4057 986 4126 ultimum
1002 4067 1113 4130 tamen
1130 4061 1229 4130 medi·

80 4173 249 4254 antibus,
265 4169 381 4255 probis
396 4168 486 4253 viris,
499 4167 656 4236 videlicet
671 4166 773 4234 nobili
790 4165 860 4235 uiro
877 4166 1005 4236 Gemite
1019 4167 1150 4237 Iruzleo
1167 4171 1229 4240 On·

79 4283 164 4354 riali
184 4278 320 4350 Gomite
337 4277 533 4345 Posoniensi
543 4327 551 4360 ,
579 4277 708 4347 Jacobo
732 4276 854 4364 Magno
870 4283 904 4343 et
928 4277 1025 4344 Petro
1042 4277 1125 4344 fatre
1143 4274 1230 4366 (tgp)

84 4389 272 4464 eiusdem,
288 4385 450 4453 Fercasio
476 4391 509 4451 ct
528 4387 627 4453 Petro
652 4385 696 4453 de
712 4385 825 4471 Ouga,
843 4405 884 4455 ac
899 4386 1058 4455 Ladislao
1073 4385 1141 4455 filio
1158 4388 1229 4456 Ste-

84 4497 217 4589 phani,
238 4493 274 4560 in
295 4492 395 4560 talem
415 4493 509 4577 pacis
535 4495 743 4561 concordiam
759 4494 991 4563 deuenissent:
1017 4494 1109 4573 Quod
1124 4495 1231 4582 predi·
1344 4567 1347 4574 Ι

83 4621 163 4682 ctus
184 4607 313 4674 Petrus
329 4611 362 4669 et
378 4601 479 4670 Pctus
503 4601 649 4674 debeant
672 4603 803 4677 soluere
817 4603 965 4690 predicto
992 4601 1119 4672 Karulo
1138 4621 1232 4676 sexa-
