3072 5168
97 1139 146 1206 Aa
160 1141 283 1228 oedilyr'
295 1139 451 1228 omnim
475 1139 758 1231 disorsyodolsoele,
783 1141 866 1232 doyy
881 1139 1054 1208 Peirossos
1069 1141 1176 1208 Jdoos
1191 1145 1223 1209 ds

98 1250 234 1342 Geryoly
249 1249 476 1317 Palmikuoao
492 1255 523 1318 ds
537 1252 661 1340 odhdoy
678 1254 747 1318 mue
762 1249 943 1339 helysdybeo
953 1251 1021 1318 leod
1032 1250 1222 1320 birrokuood

265 1356 435 1444 salmurus
450 1359 577 1450 Gyoyyr'
591 1359 778 1426 Mikzumk
793 1359 931 1425 elrrdtdk.
949 1360 1047 1426 1296.

213 1559 282 1630 Nos
307 1557 499 1645 capitulum
524 1557 673 1629 Euolesie
699 1557 797 1628 Besti
821 1554 995 1626 Michaelis
1020 1555 1222 1644 drohungeli

95 1668 331 1740 massiliano
354 1666 561 1756 presencium
585 1687 645 1755 per
670 1673 819 1738 tenorem
842 1662 1070 1752 signifiosmus
1101 1666 1219 1749 quibus

94 1778 234 1866 expedit
248 1777 430 1865 universis,
457 1774 544 1862 quod
569 1776 722 1847 Johunne
747 1783 781 1845 ot
801 1775 962 1862 Gregorio
987 1776 1065 1844 filiis
1082 1777 1219 1846 stnke

93 1888 135 1956 de
152 1885 319 1956 Pnlaihko
335 1905 378 1954 ox
401 1905 469 1954 unu
484 1891 580 1972 purte
589 1935 600 1972 ,
626 1884 813 1954 sodomita
829 1883 969 1952 Nioolao
996 1884 1065 1953 filio
1088 1881 1219 1953 Andree

91 1995 134 2064 de
149 1995 249 2084 Gyog
265 2015 308 2063 ex
324 1995 452 2081 nitore,
468 2013 582 2062 noram
597 1993 694 2062 nobis
710 1993 917 2077 oonstiiutis,
934 1989 1022 2061 idem
1038 1990 1217 2074 Johunnes,

91 2110 124 2174 et
149 2102 330 2188 Gregorius
355 2102 503 2171 eonfessi
528 2109 604 2170 sunt
629 2129 638 2171 ι
664 2101 877 2170 medietatem
912 2100 1136 2188 possessionis
1160 2119 1219 2170 sue
1300 2109 1303 2120 '

91 2212 259 2282 Pelethka
274 2217 395 2280 vooete
405 2259 414 2296 ,
440 2218 475 2280 et
491 2210 633 2280 aliarum
650 2217 791 2296 quatuor
816 2227 969 2278 erearum
991 2209 1217 2300 Mykoteluke,

91 2319 418 2406 Thehuenusteluke,
433 2328 467 2388 et
481 2321 597 2405 Legum
614 2327 815 2404 voratarum,
832 2319 930 2389 simul
946 2337 1019 2388 oum
1039 2315 1217 2387 medietate

91 2431 188 2518 syloe
198 2431 317 2498 Hintns
333 2433 463 2508 veeste,
480 2428 594 2496 inuno
611 2429 737 2498 umbitn
750 2431 811 2500 snb
829 2429 929 2496 eortis
947 2426 1061 2498 mertis
1077 2429 1217 2498 inolnsu·

90 2560 173 2626 rum,
190 2557 277 2607 nuno
292 2537 485 2608 habitatore
502 2541 687 2616 oerenoiurn
697 2588 706 2623 ,
731 2537 920 2608 vendidisse
945 2537 1011 2626 ipsi
1029 2538 1148 2607 Oomiti
1161 2539 1217 2608 Ni·

89 2648 195 2734 ooluo,
213 2653 247 2714 ei
261 2665 322 2734 per
336 2665 411 2715 eum
427 2646 497 2716 suis
514 2632 711 2730 heredibus,
736 2645 962 2732 heredumque
986 2665 1118 2714 suornm
1145 2666 1217 2718 suo-

88 2756 277 2827 oessoribns
301 2767 462 2843 perpetuo
489 2765 522 2826 et
547 2756 810 2826 irrevooobiliter
834 2757 1072 2844 possidendam
1101 2763 1133 2825 et
1158 2755 1215 2827 hu·

87 2867 245 2950 bendum,
261 2883 322 2951 pro
336 2867 551 2954 septuaginta
567 2867 688 2936 merois
705 2866 926 2952 denariorum,
951 2867 984 2933 in
1001 2866 1216 2936 estimonione

90 2975 250 3044 denarios
264 2974 392 3042 veienti
407 2976 505 3060 plene
522 2980 636 3061 reoept
646 3007 690 3022 -
705 3011 750 3025 -
767 2983 803 3042 et
816 2974 939 3045 habitis
956 2972 1128 3042 aNiooleo
1143 2992 1214 3062 pre

86 3083 157 3150 sato
173 3101 234 3166 por
250 3081 395 3150 eosdem.
420 3081 463 3149 ut
477 3087 514 3149 nt
528 3082 718 3170 hujusmodi
745 3081 872 3167 empoio
888 3088 921 3151 ei
948 3080 1101 3150 vendioio
1117 3086 1216 3152 robur

88 3193 241 3260 obtineat
256 3197 415 3280 perpetue
430 3191 603 3276 firmitatis,
614 3191 871 3260 adinstanoiam
892 3197 925 3258 et
939 3190 1135 3279 petioionem
1156 3211 1216 3279 per

89 3320 165 3369 eum
182 3303 354 3389 presentes
381 3301 605 3370 oonoessimns
621 3300 771 3384 litteras,
798 3297 900 3385 sigilli
916 3299 1018 3371 nostri
1038 3300 1212 3368 munimine

90 3409 278 3478 roboratus.
304 3408 428 3478 Datum
443 3409 612 3480 Sabbatho
634 3409 785 3498 proximo
805 3417 883 3478 unte
900 3407 1080 3494 quindenos
1095 3411 1212 3478 Resur-

92 3517 260 3588 reeeionis
275 3517 416 3594 Domini,
432 3535 518 3586 anno
534 3518 667 3588 Domini
683 3521 725 3588 M.
742 3517 806 3589 00.
822 3517 1035 3606 nonogesimo
1052 3525 1157 3588 sexto.

86 3715 229 3788 (Teutseh
242 3711 276 3772 ds
288 3712 450 3774 Firnhsber
470 3713 659 3774 Urkuudoub.
679 3731 704 3772 ι.
718 3713 822 3774 Geruli
843 3712 976 3775 sisbeno.
988 3713 1010 3772 1.
1023 3714 1083 3772 keu
1103 3713 1166 3775 198.
1179 3713 1211 3788 l.)

510 4001 784 4019 ὴ
