3072 5168
637 1009 696 1076 49.

76 1247 164 1312 ΙΙΙ.
198 1243 309 1310 Eodre
332 1243 439 1330 ttroty
463 1265 485 1306 a
508 1241 704 1331 mapsameot
735 1242 830 1308 eltuto
866 1243 958 1309 Veree
983 1243 1126 1310 Gutture
1163 1246 1225 1312 Vae

76 1353 327 1440 vumepyibeu
335 1350 437 1437 fulcoii
461 1351 547 1418 Gon
562 1354 643 1418 nevit
659 1349 778 1436 sdidit,
794 1352 961 1435 Hector-d,
979 1352 1093 1418 Jonas·
1112 1357 1143 1420 ia
1158 1355 1225 1420 Ru-

78 1463 233 1550 binmk,
263 1459 376 1526 Vitatis
383 1459 511 1543 fiaiuak
526 1459 775 1546 odomdnyceaa,
799 1460 932 1524 tekiutoe
957 1458 1123 1525 kdtdndseo
1141 1462 1222 1528 Her-

79 1572 180 1636 bord
196 1569 340 1636 caldeos
354 1567 399 1632 td
406 1567 613 1654 eeoipdlotoit,
629 1567 686 1632 leik
695 1590 734 1632 oz
753 1565 861 1632 Attea
876 1567 1030 1634 cauato-iai
1044 1567 1170 1656 derceep
1184 1571 1225 1635 ot

81 1681 166 1746 leni
190 1675 374 1744 admotus
400 1677 484 1742 Boro
508 1678 567 1741 vor
581 1677 692 1740 oicdsa
707 1674 821 1742 kochan
844 1676 936 1742 erebia
958 1675 1075 1741 sedeloci
1090 1677 1221 1762 raptat.

616 1784 714 1848 1293.

211 2021 362 2089 Andreas
372 2017 436 2085 Dei
445 2018 562 2104 gracia
570 2018 745 2104 Hungnric,
757 2017 939 2102 Dalmacie‚
949 2017 1099 2106 Oroacie,
1110 2021 1224 2106 Reme,

83 2131 230 2215 Sarute,
241 2128 394 2212 Gallicie,
407 2127 610 2215 Lodomerie,
621 2124 789 2209 Cumania,
803 2126 1023 2212 Bulgariequc
1034 2127 1104 2194 Rex
1120 2128 1222 2196 omni·

85 2243 163 2308 bus
180 2238 307 2306 Christi
331 2235 481 2304 fidelibus
506 2244 574 2306 tem
590 2233 796 2322 presentibus
822 2253 920 2319 quam
946 2235 1061 2304 tuturis
1087 2256 1223 2323 presens

86 2348 264 2433 scriptum
290 2343 485 2432 inspecturis
511 2344 652 2412 salntem
667 2343 701 2409 in
720 2341 860 2410 Domino
876 2346 1122 2430 sempiternam.
1142 2347 1224 2414 Oum

85 2453 314 2524 benemeritis
330 2453 425 2521 sanor
450 2452 581 2520 debitus
597 2449 814 2538 impenditur,
841 2456 874 2518 et
889 2453 1029 2522 fideliter
1045 2454 1224 2540 obsequen·
1294 2527 1296 2536 ,

85 2569 188 2635 tibus
205 2583 332 2632 merces
349 2561 514 2648 condigna
524 2562 682 2639 redditur,
694 2560 784 2628 Deus
795 2562 924 2647 placari
935 2562 1089 2646 creditur,
1107 2565 1225 2632 etsub-

85 2675 159 2741 diti
175 2673 221 2740 ad
237 2671 405 2740 fidelitatis
422 2671 533 2740 studia
543 2670 728 2740 exercenda
744 2676 973 2755 prouocantur,
989 2672 1223 2740 accenduntur-

87 2801 163 2865 que
180 2799 243 2866 spe
258 2787 291 2846 et
300 2778 466 2847 desiderio
477 2777 705 2860 cousequeude
725 2775 955 2846 retribucionis
971 2778 1150 2847 consimilis
1170 2781 1224 2848 net

89 2885 240 2974 ecia(m)
256 2887 438 2973 amplioris.
455 2885 597 2954 Proinde
608 2885 650 2951 ad
660 2884 884 2953 uniuersorum
899 2885 1055 2954 noticiam
1071 2892 1138 2954 tam
1149 2905 1220 2970 pre-

88 2998 250 3069 sencium
281 3015 377 3081 quam
403 2997 579 3062 futurorum
604 2995 719 3060 harum
752 2993 837 3060 serie
861 2995 1009 3061 uolumus
1035 2995 1219 3082 peruenire,

89 3107 187 3192 quod
198 3103 400 3190 Herbordns,
411 3103 579 3171 iohannes
590 3103 790 3189 etRubynus
800 3099 859 3185 filij
870 3101 1012 3189 Wytalis
1023 3101 1066 3168 ad
1076 3109 1224 3174 nostram

91 3213 304 3284 accedentes
320 3211 537 3297 presenciam,
552 3209 716 3294 quandam
726 3217 847 3276 terram
859 3209 1019 3279 (iotbnrdi
1036 3211 1106 3278 Rufi
1123 3209 1222 3298 (sine)

90 3321 222 3392 herede
240 3319 438 3404 decedentis,
454 3325 489 3384 ut
503 3316 662 3400 dixerunt,
674 3318 761 3386 Genu
778 3319 967 3386 uocatamin
979 3320 1141 3388 comitutu
1159 3322 1221 3390 Ga-

94 3433 161 3502 stri
180 3429 295 3497 Ferret
311 3427 507 3495 existentem
528 3449 547 3492 a
572 3425 668 3492 nobis
690 3428 876 3510 petiuerunt
901 3427 965 3495 sibi
991 3428 1073 3496 dari.
1101 3431 1220 3498 Verum

92 3541 178 3628 qnia
190 3537 236 3604 dc
249 3536 351 3620 ipsius
361 3541 446 3604 terre
456 3535 628 3620 qualitate,
644 3535 837 3620 quantitate,
853 3541 886 3602 ct
902 3542 1008 3602 utrum
1019 3537 1063 3604 sit
1080 3537 1222 3604 hominis

93 3651 173 3718 sine
192 3644 317 3713 herede
332 3644 543 3729 decedentis,
559 3663 619 3713 uec
634 3663 686 3728 ne,
702 3643 797 3713 uobis
813 3643 937 3712 ueritas
953 3665 1018 3711 non
1035 3644 1218 3730 constabat,

99 3754 262 3824 fidelibus
288 3753 407 3820 uostris
432 3753 586 3837 Capitulo
614 3753 721 3821 Oestri
738 3751 851 3819 Ferrei
874 3771 933 3836 per
947 3759 1077 3822 nostras
1097 3753 1224 3822 litteras

95 3865 256 3933 dedimus
274 3862 307 3928 iu
323 3861 499 3945 mandatis,
518 3869 553 3927 ut
569 3859 668 3946 ijdem
684 3880 781 3928 unum
807 3881 849 3928 ex
865 3883 902 3930 se
917 3860 1082 3929 mitterent
1097 3881 1158 3947 pro
1175 3869 1221 3928 te·

98 3972 260 4042 stimonio
276 3969 483 4053 fidedignum,
499 3989 608 4038 coram
619 3957 681 4053 quo
691 3971 881 4038 Dominicus
897 3970 983 4038 filius
994 3969 1110 4057 Eguke
1126 3971 1222 4036 homo

97 4088 219 4150 noster
236 4080 423 4147 conuocatis
448 4077 667 4146 conmetaneis
684 4085 716 4144 et
732 4078 848 4148 uicinis
874 4079 1098 4145 reambularet
1117 4078 1223 4164 ipsam

98 4201 227 4260 terram
252 4195 285 4253 et
309 4193 470 4254 statueret
494 4185 664 4256 Herbordo
680 4193 712 4254 et
731 4185 887 4254 iratribus
902 4187 970 4254 suis
986 4186 1052 4254 iam
1068 4184 1176 4269 dictis,
1193 4186 1222 4256 si

97 4320 163 4366 non
179 4299 275 4365 tieret
291 4295 538 4381 contradictum,
549 4293 806 4364 contradictores
823 4313 910 4380 uero,
928 4295 957 4360 si
974 4297 1028 4378 qni
1038 4296 1163 4379 fierent,
1178 4294 1222 4362 ad

98 4413 249 4478 nostram
266 4407 382 4474 citaret
391 4405 606 4491 presenciam,
624 4404 667 4470 ad
678 4405 845 4472 terminum
857 4411 1098 4488 conpetentem.
1114 4403 1221 4471 Sciret

99 4517 207 4586 eciam
224 4515 312 4582 idem
327 4514 424 4582 homo
440 4519 560 4597 noster,
577 4518 682 4578 utrum
698 4511 783 4580 idem
809 4513 997 4582 Gotbardus
1014 4513 1085 4580 siue
1102 4511 1222 4578 herede

101 4625 248 4694 decessit
262 4642 323 4694 neo
339 4643 390 4710 ue,
406 4629 439 4690 et
463 4626 538 4710 post
561 4621 621 4691 hcc
646 4621 752 4690 tocius
768 4621 847 4692 iacti
863 4619 979 4690 seriem
995 4619 1088 4688 nobis
1103 4617 1219 4688 rescri-
