3072 5168
588 331 728 436 ,192

100 533 299 614 occupatam
316 527 507 610 detinerent,
530 527 564 594 in
580 526 724 613 ipsorum
741 526 957 612 prejudicium
974 531 1008 592 st
1021 543 1212 611 gravamen.

98 635 128 700 E
146 653 306 703 converso
324 654 400 701 sero
420 635 506 702 idem
525 635 730 704 Andronicus
756 634 944 718 Prepositus
960 654 1019 720 pro
1044 653 1080 699 se
1105 639 1138 698 et
1153 632 1212 700 Oa

93 741 202 826 pitulo
218 741 466 828 wesprimiensi
482 743 672 830 respondit,
690 743 776 827 quod
792 744 868 830 ipsa
884 750 973 810 terra
989 741 1209 828 contencione,

92 869 196 932 quam
213 849 292 916 dicti
309 852 423 936 populi
439 852 481 918 ab
499 852 613 919 eodem
630 853 794 920 Michaele
810 854 921 937 precio
939 850 1212 937 comparauerint,

93 977 161 1023 non
178 957 295 1024 fuisset
311 956 511 1026 hereditaria
527 967 617 1026 terra
633 962 736 1044 ipsius
765 961 959 1042 Michaelis,
985 959 1044 1026 sed
1061 959 1103 1025 de
1119 959 1212 1025 terris

93 1065 312 1148 Reginalibns
341 1064 381 1132 de
409 1074 497 1132 terra
521 1070 627 1134 Beren
643 1075 757 1134 secata
784 1086 843 1152 per
862 1068 1002 1152 populos
1020 1068 1061 1132 de
1087 1067 1213 1150 eadem,

94 1173 277 1257 empcionis
294 1174 388 1241 titulo
405 1172 449 1238 ad
473 1176 580 1262 ipsum
596 1175 790 1242 Michaelem
815 1175 973 1243 extiterat
999 1175 1162 1256 devoluta,
1180 1181 1215 1240 et

95 1281 146 1347 sic
164 1281 263 1363 ijdem
280 1281 395 1366 populi
421 1299 479 1348 seu
504 1281 737 1366 conditionarij
763 1282 969 1366 postmodum
996 1281 1134 1349 eandem
1151 1289 1213 1348 ter·

95 1408 167 1456 ram
194 1397 342 1456 emerunt
367 1389 561 1472 abeodem,
590 1390 674 1457 sient
697 1389 731 1455 id
756 1399 790 1457 et
814 1391 848 1456 in
871 1391 1046 1476 privilegio
1072 1389 1213 1475 capituli

96 1497 273 1584 Albensis,
299 1517 397 1586 super
416 1497 582 1583 empcione
608 1497 756 1582 ejusdem
778 1505 864 1565 terre
887 1517 946 1583 per
965 1500 1056 1583 ipsos
1075 1499 1212 1586 populos

98 1625 157 1674 sen
175 1605 417 1673 condicionales
443 1606 613 1691 injudicio
639 1605 734 1673 nohis
759 1605 906 1672 exhibito
930 1607 1057 1690 plenius
1072 1605 1213 1674 vidimus

97 1714 268 1782 contineri.
286 1715 403 1780 Verum
422 1714 500 1796 quia
515 1715 664 1798 predicta
680 1722 769 1782 terra
788 1713 959 1796 Reginalis
979 1714 1040 1781 fuit
1059 1720 1212 1798 spectans

96 1819 139 1885 ad
156 1823 295 1888 eandem
313 1824 553 1905 possessionem
578 1825 706 1906 Beren,
732 1843 795 1908 que
809 1797 964 1890 videlicet
987 1824 1157 1908 possessio
1174 1843 1210 1888 er

96 1930 285 1998 collacione
302 1931 433 1996 domine
450 1931 631 2008 Elisabeth,
649 1932 813 2014 qnondam
830 1929 953 2015 Regine
973 1929 1140 2016 Hungarie
1156 1950 1213 2016 per

95 2039 237 2105 eundem
255 2038 447 2122 Magistrum
473 2039 691 2105 Andronicum
718 2038 944 2125 Ptepositum,
970 2045 1004 2103 et
1028 2035 1212 2121 Capitulum

94 2145 353 2233 Wesprimiense
369 2147 567 2232 possidetur,
585 2168 649 2213 non
667 2156 776 2214 autem
793 2146 915 2232 populi,
933 2165 991 2213 sen
1007 2145 1210 2212 condiciona-

95 2257 136 2341 rij
153 2255 285 2321 domine
300 2256 425 2339 Regina
441 2256 604 2322 vendendi
629 2276 687 2324 seu
703 2257 874 2324 alienandi
890 2257 995 2342 ipsam
1019 2261 1140 2320 terram
1156 2253 1212 2320 ho.

96 2367 239 2431 buerunt
253 2363 455 2442 facultatem,
473 2383 621 2432 unacum
638 2365 820 2433 Beronibus
831 2363 954 2430 domini
970 2363 1083 2450 Regis,
1101 2371 1133 2430 et
1149 2357 1212 2428 No

97 2473 217 2538 bilibus
234 2471 340 2556 Regni
368 2471 535 2539 nobiseum
561 2472 735 2557 injudicio
761 2471 1005 2552 assidentibus,
1033 2473 1087 2552 qui
1113 2467 1214 2555 ijdem

95 2581 210 2667 populi
231 2599 289 2648 sen
307 2580 537 2666 condicionarij
564 2580 661 2650 modo
689 2581 865 2669 prehabito
888 2580 921 2646 in
947 2581 1015 2648 suis
1040 2581 1216 2663 questioni-

97 2691 162 2757 bus
189 2691 372 2773 peremnia
389 2687 601 2776 deiecerunt,
629 2689 875 2758 sentencialiter
895 2688 1120 2770 decernendo,
1144 2707 1215 2774 pre-

97 2797 220 2865 dictam
238 2804 359 2864 terram
377 2817 449 2864 curn
468 2797 664 2864 utilitatibus
687 2798 756 2866 suis
772 2797 960 2881 reliquimus
986 2804 1019 2863 et
1044 2797 1216 2896 statuimus

98 2903 300 2970 authoritate
312 2903 489 2990 judiciaria
514 2905 636 2973 eisdem
654 2907 840 2972 Andronico
856 2907 1047 2992 Preposito,
1073 2912 1106 2973 et
1121 2905 1214 2990 (lapi-

100 3013 170 3080 tulo
188 3012 438 3098 wesprimiensi
462 3021 621 3101 perpetuo
638 3013 893 3101 possidendam,
920 3014 1096 3082 tenendam
1115 3017 1147 3078 et
1161 3012 1217 3078 ha·

99 3123 255 3189 bendum.
272 3122 393 3187 Datum
410 3120 500 3189 Bude
517 3130 610 3187 sexto
628 3124 681 3190 die
697 3123 791 3189 Beati
807 3123 925 3190 Jacobi
943 3121 1093 3206 Apostoli
1103 3169 1111 3204 ,
1129 3139 1215 3186 anno

97 3229 230 3298 Domini
246 3228 425 3296 millesimo
441 3228 667 3298 ducentesimo
683 3230 893 3317 nonagesimo
909 3237 1033 3314 quarto.

187 3423 250 3496 iffi·
265 3425 363 3483 Endre
375 3423 472 3496 kirtly
488 3426 599 3482 12de
613 3423 875 3500 magerbsltdedbd'l,
889 3421 976 3482 althb
989 3425 1032 3480 73.
1045 3442 1085 3480 ea.
1097 3422 1135 3494 a.)

530 3741 787 3752 *-
