3082 5166
326 1146 535 1234 uparanete
550 1145 725 1211 caesone
740 1104 804 1210 m.
821 1143 929 1211 mers
943 1167 1076 1234 mayor
1090 1145 1267 1234 arrepta.
1284 1148 1382 1215 raoo.

397 1345 519 1425 illustri
534 1344 665 1412 domino
681 1348 714 1409 et
729 1341 869 1411 Excelso
885 1343 1029 1430 Principi
1044 1344 1176 1432 domino
1191 1343 1323 1416 Andree
1339 1347 1404 1414 Dei

292 1452 406 1542 gracia
421 1453 504 1538 Regi
518 1451 686 1538 Hungarie
697 1455 813 1520 Petrus
829 1451 872 1519 de
888 1453 1047 1520 Bonnano
1062 1453 1104 1521 de
1119 1454 1282 1540 Tarvisio,
1298 1455 1332 1522 in
1347 1455 1414 1525 Ro·

291 1582 389 1632 mana
405 1560 503 1631 Curia
519 1560 591 1647 ejus
607 1559 742 1627 devotus
757 1565 948 1644 procurator
964 1567 997 1628 et
1016 1560 1171 1645 serviens,
1188 1580 1225 1628 se
1240 1562 1348 1648 ipsnm
1365 1565 1410 1632 ad

291 1672 402 1760 pedes.
418 1670 542 1741 Nosoat
552 1671 671 1737 Vestra
686 1669 967 1758 Excellenciaper
981 1676 1160 1756 presentes,
1176 1668 1229 1738 die
1247 1673 1323 1740 lune
1337 1677 1400 1742 ter·

291 1783 342 1850 eie
359 1778 479 1849 mensis
495 1777 658 1868 presentis
674 1777 749 1845 veui
766 1774 808 1844 ad
818 1777 950 1846 (iuriam
966 1779 1149 1848 Romanam
1157 1799 1230 1847 cum
1246 1781 1408 1868 omnibus,

291 1909 354 1976 quc
370 1888 449 1958 mihi
464 1885 625 1968 dedistis3
651 1889 685 1952 et
701 1883 853 1953 dominus
868 1887 961 1972 Papa
977 1886 1033 1954 die
1056 1886 1233 1955 Dominica
1258 1891 1410 1975 sequenti

289 1997 423 2066 veniens
438 1996 480 2062 de
495 1994 650 2079 Anagnia
665 1992 796 2062 intravit
810 1997 931 2064 urbem.
948 1994 990 2060 Et
1003 2014 1126 2082 aurum,
1143 1995 1233 2080 quod
1249 1995 1326 2063 mihi
1341 1995 1400 2064 de·

293 2105 397 2188 distis,
415 2099 545 2172 vendidi
563 2099 743 2186 Florencie,
755 2108 893 2185 quatuor
902 2100 1044 2171 millibus
1059 2112 1092 2172 et
1106 2105 1293 2192 quingentis
1308 2102 1405 2172 dore·

290 2217 342 2284 nis
358 2209 440 2297 auri,
457 2229 537 2294 quos
554 2231 668 2279 omnes
686 2207 821 2296 deposui
837 2209 1008 2281 Florencie
1033 2232 1133 2300 penes
1148 2213 1224 2282 illos
1240 2213 1283 2282 do
1298 2215 1401 2282 socie-

291 2328 360 2390 tate
375 2319 418 2388 do
433 2319 535 2390 Moris
551 2319 593 2388 de
609 2319 794 2404 Florentia,
811 2337 873 2402 que
889 2325 939 2385 est
953 2339 1020 2390 una
1035 2319 1076 2388 da
1091 2322 1292 2409 melioribus,
1308 2321 1408 2392 dicio·

293 2428 380 2498 ribus
396 2435 430 2496 et
445 2427 595 2498 fidelibus
611 2428 825 2498 societatibus
837 2427 1038 2516 (Floreucie)
1053 2436 1087 2497 et
1105 2435 1251 2500 Romane
1277 2429 1409 2520 provin·

292 2539 351 2606 cie.
367 2536 526 2606 Dominus
542 2538 656 2605 Petrus
667 2539 851 2607 contareno
863 2537 1008 2606 nondum
1020 2538 1156 2606 Romam
1176 2540 1277 2623 veuit,
1296 2546 1331 2609 et
1345 2559 1410 2608 non

292 2667 425 2734 possum
442 2643 577 2732 (adhue)
594 2653 714 2715 certum
730 2646 928 2732 promittere,
946 2645 1085 2734 aggredi
1100 2651 1269 2735 negocium
1285 2647 1409 2717 domini

293 2753 449 2840 Episcopi
467 2749 652 2839 (Antonii),
676 2754 760 2822 siout
784 2753 977 2842 expediret;
1003 2753 1063 2823 sed
1078 2775 1183 2842 spero,
1200 2757 1288 2840 quod
1308 2757 1411 2824 citos

293 2864 530 2949 domiuoPapa
546 2861 716 2948 negocium
735 2869 879 2931 vestrum
898 2867 932 2932 et
956 2863 1078 2932 domini
1090 2849 1254 2952 ‘Episcopi
1273 2863 1410 2933 {elicitur

294 2973 502 3060 expedietu13
520 2980 552 3038 et
568 2972 632 3038 cito
647 2992 706 3058 per
726 2972 965 3042 Brunadnsium
981 2979 1013 3040 et
1028 2973 1267 3042 idaniredinum
1291 2973 1408 3040 clarius

292 3081 461 3170 Majestati
487 3081 602 3149 Vestro
619 3081 767 3148 scribam.
784 3085 826 3151 Et
842 3083 870 3150 si
890 3077 1089 3170 (adveniret)
1104 3081 1252 3152 dominns
1281 3082 1406 3168 Petrus,

292 3197 362 3282 jam
388 3190 503 3260 scirem
530 3187 617 3276 (eum
633 3189 823 3278 informare)
848 3191 890 3261 de
914 3192 1062 3279 negocio.
1088 3191 1208 3260 Sciatis
1223 3211 1284 3276 pro
1311 3197 1408 3274 certo,

297 3303 382 3385 quod
398 3318 499 3386 nepos
514 3298 615 3385 Regis
632 3289 743 3368 Garuli
762 3305 877 3367 contra
893 3301 1064 3369 consilinm
1081 3307 1113 3367 et
1136 3303 1338 3372 voluntatem
1353 3300 1410 3367 do·

292 3409 371 3476 mini
386 3409 479 3495 Pape
495 3415 528 3476 et
544 3407 767 3476 cardinalium
783 3410 969 3478 amicorum
985 3428 1116 3479 suorum
1132 3409 1252 3478 missus
1277 3408 1337 3478 fuit
1352 3427 1413 3496 per

294 3519 461 3587 dominum
478 3520 598 3604 Regem
614 3515 657 3585 ad
673 3519 898 3603 partenium,
927 3525 959 3586 et
975 3517 1061 3602 quod
1085 3516 1233 3586 dominus
1254 3513 1348 3603 Papa
1364 3511 1415 3601 (ei

292 3646 358 3694 non
377 3623 481 3712 dedit)
506 3624 640 3711 aliquod
663 3625 840 3714 auxilium;
868 3633 900 3694 et
928 3645 1041 3694 omnes
1066 3625 1108 3696 de
1133 3625 1231 3696 Curia
1259 3631 1416 3711 reputant

292 3733 478 3821 stulticiam,
496 3735 582 3820 quod
598 3734 703 3805 dietus
718 3736 794 3803 Rex
810 3733 898 3803 misit
911 3754 984 3804 eum
1000 3735 1087 3819 illuc,
1104 3739 1138 3801 et
1153 3732 1239 3800 male
1256 3730 1414 3800 succedet

296 3845 329 3910 in
346 3841 480 3930 Sicilia;
507 3849 540 3911 et
556 3844 675 3912 cotidie
692 3848 886 3932 expectatur
902 3844 935 3910 in
951 3843 1050 3913 (iuria
1059 3890 1069 3927 ,
1086 3841 1164 3927 quia
1179 3840 1272 3910 venit
1287 3839 1329 3910 ad
1352 3841 1416 3907 do-

292 3954 412 4020 minum
438 3955 563 4040 Papam
577 3973 637 4038 pro
655 3949 872 4038 (implorando
897 3951 1032 4020 auxilio.
1058 3949 1189 4018 Interea
1204 3947 1419 4036 procedatis)

294 4081 365 4129 cum
379 4061 454 4130 filiis
470 4060 605 4129 Henrici
628 4059 722 4144 Beni,
742 4067 863 4127 etcum
880 4058 956 4128 aliie
973 4057 1091 4128 vestris
1111 4057 1295 4125 Beronibus
1304 4105 1313 4140 ,
1337 4075 1421 4124 cnm

294 4169 560 4255 quibuspotestis,
587 4171 664 4252 quia
679 4167 721 4235 de
732 4166 823 4235 facili
839 4173 917 4253 pote
929 4168 990 4236 stis
1006 4165 1130 4234 habere
1145 4183 1281 4254 puerum
1296 4165 1327 4232 in
1341 4184 1422 4235 ma·

292 4278 389 4346 nibus
408 4276 548 4362 vestris,
574 4277 602 4342 si
618 4276 725 4344 vultis.
751 4275 794 4341 Et
819 4295 881 4362 ego
898 4275 966 4342 dixi
994 4273 1142 4360 pluribus
1167 4270 1422 4362 dardimtitms,

297 4387 384 4472 quod
399 4383 590 4469 audiverim
606 4407 627 4453 a
642 4382 832 4472 Majestate)
852 4390 983 4468 vestra3
1001 4383 1087 4467 quod
1106 4385 1134 4450 si
1150 4382 1313 4451 haberetis
1328 4399 1422 4465 pue

295 4516 365 4562 rum
383 4494 416 4560 in
431 4493 579 4560 manibus
595 4493 721 4576 vestris,
732 4491 819 4576 quod
835 4490 1007 4560 mitteretis
1017 4509 1090 4558 aum
1106 4493 1150 4560 ad
1164 4491 1324 4559 dominum
1340 4489 1425 4560 Pa-

296 4622 392 4686 pam,
409 4607 441 4666 et
456 4603 588 4668 multum
606 4601 653 4667 eis
668 4600 803 4686 placuit.
820 4597 977 4666 Dominus
1000 4597 1180 4686 Episcopus
1195 4597 1275 4666 nihil
1290 4595 1421 4688 habet,
