3144 5180
336 1057 378 1122 11
377 1055 400 1120 l.
415 1052 521 1118 mmm
532 1049 638 1136 mruly
649 1047 812 1135 Gyarrnoo
821 1047 927 1136 profot
938 1045 1057 1137 Checby
1074 1053 1154 1115 nect
1164 1051 1324 1119 birtolcltol
1334 1057 1455 1144 quro'b

584 1156 746 1244 megytbea
762 1157 995 1246 odomduyozza
1013 1181 1088 1246 meg.
1107 1163 1204 1226 1291.
1545 1155 1546 1160 ἵ

456 1358 606 1426 Andreas
635 1357 699 1424 Dei
731 1357 845 1443 gracia
869 1356 1056 1442 Hungarie,
1088 1360 1278 1444 Dalmacie,
1305 1365 1455 1446 Oroacie,

333 1471 459 1552 Ramc,
477 1469 608 1546 Seruis,
628 1465 788 1547 Gallicie,
804 1465 996 1533 Lodomerie
1006 1514 1015 1549 ,
1033 1467 1191 1536 Cumanie
1201 1520 1210 1554 ,
1235 1473 1456 1558 Bulgarieque

334 1583 404 1648 Rex
420 1578 570 1646 omnibus
587 1575 710 1643 Christi
734 1571 886 1640 fidelibus
911 1581 1083 1659 presentes
1109 1577 1236 1644 litteras
1260 1578 1457 1667 inspecturis

335 1687 519 1758 salutemin
535 1685 677 1752 omnium
695 1681 871 1750 saluatore.
888 1682 981 1752 Licet
997 1685 1103 1770 Regia
1118 1687 1226 1772 pietas
1242 1708 1375 1758 manum
1392 1710 1456 1757 rnu-

335 1796 465 1866 nificam
481 1793 603 1860 debeat
618 1793 789 1879 porrigere
805 1791 988 1880 uniuersis;
1013 1794 1090 1861 illos
1106 1801 1230 1881 tamen,
1248 1819 1386 1882 quorum
1404 1819 1454 1864 er·

335 1913 429 1995 perta
446 1905 594 1989 probitas
611 1902 749 1968 laudata
766 1908 817 1970 cst
832 1900 865 1967 iu
882 1903 1053 1987 prosperis
1070 1910 1103 1970 et
1119 1905 1284 1990 aduersis,
1300 1909 1458 1995 prosequi

335 2016 436 2084 debet
452 2010 678 2078 munificencia
695 2009 850 2096 largiori,
876 2015 911 2074 nt
928 2011 986 2097 alij
1013 2031 1123 2078 eorum
1140 2017 1302 2104 exemplis
1327 2015 1458 2083 inuitati

336 2126 380 2194 ad
393 2123 563 2193 fidelitatis
580 2141 682 2208 opera
708 2119 838 2188 facilius
853 2121 1086 2190 accendantur.
1111 2123 1251 2192 Proinde
1269 2124 1313 2192 ad
1330 2128 1456 2192 vnlner-

336 2256 448 2304 sorum
464 2233 619 2302 noticiam
637 2237 703 2296 tam
730 2231 937 2316 presencium
954 2250 1053 2314 quam
1073 2231 1256 2300 futororum
1280 2233 1398 2299 barum
1415 2251 1459 2298 sc·

339 2344 388 2410 rie
402 2341 550 2410 uolumus
568 2339 761 2426 peruenire,
789 2341 876 2421 quod
893 2339 971 2423 quia
987 2339 1105 2408 (lomes
1123 2341 1331 2428 Gyarmauus
1352 2339 1458 2409 fidelis

336 2456 451 2520 noster
467 2469 489 2516 a
504 2448 614 2514 multis
631 2448 695 2514 iam
720 2447 921 2532 temporibus
938 2449 1112 2516 retroactis
1138 2449 1172 2514 in
1189 2449 1341 2514 omnibus
1366 2470 1459 2534 nego·

337 2559 402 2646 cijs
419 2557 541 2625 nostris
557 2555 973 2642 peragendisobsequiosc
997 2557 1115 2622 merita
1131 2565 1165 2623 et
1184 2558 1354 2623 meritoria
1370 2559 1459 2624 obsc-

339 2670 416 2753 quia
431 2666 526 2732 nobis
543 2663 755 2731 laudabiliter
772 2664 928 2749 impendit
945 2671 978 2731 et
994 2663 1122 2748 deuote,
1140 2668 1279 2750 primum
1298 2666 1459 2750 siqnidem
1545 2689 1546 2704 ¹

337 2797 376 2845 ec
392 2782 559 2860 tempore,
587 2772 721 2856 quando
739 2791 799 2838 nos
817 2772 924 2838 adhuc
949 2777 1044 2838 extra
1060 2773 1218 2840 terminos
1234 2773 1340 2858 Regni
1359 2779 1459 2842 nostri

336 2883 598 2967 fuimus-dictus
627 2883 744 2950 (lomes
762 2879 972 2967 Gyarmanus
998 2881 1101 2948 semel
1118 2890 1151 2948 et
1176 2883 1321 2951 secundo
1347 2885 1460 2951 exmis-

338 2995 440 3077 sione,
457 2992 633 3074 mandato,
660 2998 693 3056 et
709 2997 865 3077 precepto
882 2993 1087 3060 Prelatorum
1097 3042 1106 3076 ‚
1132 2993 1297 3060 Beronum
1315 3001 1348 3060 et
1364 2997 1458 3062 nobi-

339 3103 418 3170 lium
434 3101 542 3187 Regni
567 3099 736 3184 Hungarie
762 3100 795 3164 in
820 3100 1048 3184 legacionibns
1074 3101 1175 3187 uarijs
1196 3107 1229 3166 et
1254 3102 1396 3170 diuersis
1422 3123 1459 3170 es

338 3216 431 3297 parte
449 3209 625 3278 eorundem
643 3207 738 3276 nobis
754 3207 961 3290 deferendis,
979 3207 1092 3275 multis
1108 3207 1236 3276 fortune
1257 3211 1392 3276 casibus
1407 3231 1458 3295 pe·

337 3319 443 3387 ricula
459 3317 573 3384 mortis
590 3337 656 3384 non
682 3316 865 3384 formidans
883 3335 919 3383 se
936 3316 1088 3384 submisit
1104 3323 1136 3382 et
1161 3317 1347 3384 laudabiles
1374 3319 1459 3384 exbi-

337 3429 408 3495 buit
425 3427 614 3496 famulatus.
642 3425 735 3494 Idem
753 3429 857 3494 eciam
873 3433 1020 3512 ternpore
1037 3427 1184 3494 Ducatus
1208 3429 1313 3495 nostri
1327 3428 1459 3496 domino

340 3537 512 3605 Albertiuo
538 3536 633 3603 fratri
658 3540 771 3603 nostro
796 3534 983 3618 karissimo,
1008 3535 1124 3602 tamin
1145 3536 1308 3603 ueniendo
1333 3538 1377 3604 ad
1394 3558 1460 3620 nos,

341 3666 438 3731 quam
454 3646 559 3714 eciam
580 3647 612 3713 in
631 3643 841 3712 conducendo
866 3645 1005 3713 eundem
1022 3644 1066 3711 ad
1082 3645 1223 3732 patriam
1240 3667 1354 3732 suam,
1371 3649 1414 3715 cb
1431 3647 1461 3715 fi-

340 3755 508 3822 delitatem
525 3754 621 3821 nobis
639 3753 784 3822 debitam
809 3754 948 3821 seruicia
963 3753 1124 3841 impendit
1140 3761 1238 3838 grata
1264 3761 1298 3820 et
1313 3763 1459 3843 accepta,

341 3869 374 3930 et
392 3865 478 3930 circa
494 3869 605 3930 nostre
623 3864 849 3931 coronationis
866 3863 966 3930 inicia
982 3861 1036 3930 die
1052 3871 1216 3946 noctuque
1233 3865 1356 3933 nostris
1372 3867 1458 3932 inhe-

342 3992 420 4041 rens
435 3970 588 4056 seruicijs
605 3971 828 4060 multipliciter
843 3970 960 4040 meruit
977 3973 1193 4058 complacere.
1211 3973 1253 4038 Et
1264 3992 1460 4056 quamquam

342 4079 449 4168 ipsius
465 4078 634 4146 meritoria
660 4079 819 4164 obsequia
835 4078 950 4148 maiori
970 4080 1247 4147 remuneracionis
1273 4083 1400 4165 premio
1417 4101 1460 4148 es·

341 4193 415 4257 seut
431 4187 552 4271 digua,
580 4186 615 4253 in
635 4191 975 4276 recompensacionem
993 4194 1103 4256 tamen
1130 4191 1306 4274 aliqualem
1333 4210 1458 4275 suorum

342 4295 552 4364 seruiciorum
569 4297 734 4378 quandam
758 4305 880 4365 terram
896 4305 1041 4365 nostram
1059 4298 1174 4385 Ohchy
1200 4303 1353 4365 vocatam
1370 4300 1459 4366 iuxta

290 4457 299 4472 s
342 4423 461 4490 aquam
477 4403 570 4469 Zaua
586 4404 620 4470 in
637 4405 761 4490 campis
787 4405 822 4471 in
838 4406 999 4474 comitatu
1015 4405 1231 4491 Zagrabicnsi
1253 4407 1454 4486 existentem,

345 4533 442 4599 super
468 4532 533 4598 qua
557 4511 704 4600 hospites
732 4514 880 4583 eiusdem
907 4515 1005 4582 castri
1026 4516 1129 4584 nostri
1156 4515 1362 4601 residebant,
1387 4535 1453 4582 cum
