3094 5168
849 1011 927 1087 18²(

323 1177 385 1244 III.
402 1177 511 1245 Etcum
525 1179 632 1268 kirrily
647 1171 753 1248 Jcauc'
780 1179 879 1245 Telau
895 1180 1015 1268 esepyci
1028 1180 1186 1247 aemesam
1194 1232 1205 1268 ,
1221 1180 1310 1246 Baua
1317 1182 1449 1267 fidncia,

323 1308 345 1349 a
360 1285 483 1361 Hamil
498 1285 560 1351 bein
566 1287 618 1371 fic
633 1286 736 1360 Jcrwu
752 1300 860 1354 mecca
885 1285 970 1354 άὶιαῑ
987 1285 1208 1355 maecenate
1231 1287 1352 1376 Ktmq
1368 1294 1452 1356 edre

225 1451 230 1462 .
325 1393 493 1458 vivacior
502 1391 702 1480 (HM-ben),
712 1391 984 1482 icipduukAlbart
994 1395 1151 1460 amatrici
1159 1394 1459 1483 saiwands

323 1499 426 1563 reatui
442 1499 548 1586 lairdly
574 1502 653 1567 elien
672 1512 762 1588 nycte
786 1500 983 1567 diudaldbau
1009 1501 1202 1588 (resciae)
1228 1503 1455 1568 mumiiettlr'l

324 1605 557 1692 eeclqdlatciirt
576 1606 681 1674 Talna
697 1610 814 1694 meyyai
831 1609 1032 1694 Epatiacus-aa
1050 1605 1118 1691 (ma
1132 1607 1291 1694 sacam)
1306 1611 1392 1674 caci
1404 1609 1451 1674 ki·

324 1713 449 1800 rcilycei
457 1727 574 1799 pitacia
584 1714 693 1801 seluce
711 1711 783 1782 aekc‘
797 1720 829 1782 aa
844 1716 1049 1782 euicere-inei
1065 1715 1259 1783 Rolccdnak
1273 1719 1304 1784 ae
1318 1715 1453 1783 Pataui

514 1827 517 1832 ’
700 1822 942 1910 ademdnyozaa.
968 1826 1065 1888 1299.
1317 1833 1322 1845 '

431 1981 584 2050 Andreas
602 1984 665 2051 Dei
684 1985 800 2070 gracia
820 1985 999 2070 Hungarie,
1020 1978 1202 2071 Dalmacie,
1223 1985 1370 2072 croatie,
1389 1989 1450 2056 Re·

327 2109 390 2173 me,
408 2091 532 2174 Seruie,
549 2089 697 2174 Gallicis,
720 2091 932 2176 Lodomcrie,
955 2093 1125 2179 Cumanis,
1142 2094 1362 2181 nulgarieque
1379 2096 1452 2164 Rex

325 2197 475 2266 omnibus
491 2199 610 2267 Ghristi
629 2199 787 2284 fidelibus,
812 2207 880 2268 tam
901 2202 1107 2286 presentibus
1123 2222 1223 2286 quam
1239 2203 1351 2271 futuris
1371 2225 1448 2290 prc-

325 2313 450 2374 sentem
479 2307 637 2394 paginam
654 2308 850 2392 inspecturis
867 2309 1008 2378 salutem
1028 2309 1062 2376 in
1079 2327 1136 2394 ee,
1164 2310 1220 2393 qui
1235 2319 1283 2378 est
1299 2329 1380 2378 uera
1400 2330 1449 2375 sa·

325 2416 386 2482 lus.
400 2417 519 2504 Regali
530 2417 664 2503 dignum
676 2425 726 2484 est
743 2427 776 2484 et
792 2417 982 2503 expediam,
995 2439 1051 2488 cos
1063 2419 1161 2501 quiin
1174 2417 1344 2504 demincijs
1364 2415 1450 2505 (lgy)

326 2522 477 2608 seruicijs
494 2530 529 2590 et
545 2523 765 2610 expediciosis
783 2525 993 2593 famulatibus
1005 2523 1133 2593 diucius
1150 2543 1185 2592 ee
1203 2530 1367 2606 exercent,
1386 2545 1450 2591 mu-

325 2629 496 2697 nificencia
512 2630 684 2715 gratulari,
702 2636 738 2697 vt
754 2653 793 2699 ec
805 2632 947 2717 amplius
959 2633 1103 2716 ipserum
1121 2632 1271 2720 exemplo
1287 2633 1390 2698 ceteri
1406 2632 1449 2698 ad

325 2735 496 2806 fidelitatis
512 2757 616 2825 opera
632 2738 861 2808 uehemencius
877 2739 1065 2806 inuitentur.
1091 2738 1232 2806 Proinde
1249 2739 1293 2805 ed
1319 2740 1449 2806 uniuer-

327 2863 436 2910 sorum
457 2845 613 2912 noticiam
629 2845 746 2913 harum
775 2848 860 2914 serie
874 2848 1023 2916 uolumus
1042 2847 1235 2932 .peruenire;
1263 2846 1348 2930 quod
1378 2867 1449 2912 cum

326 2951 506 3034 iohannes,
524 2951 692 3018 Rolandus
705 2959 738 3017 et
747 2953 879 3036 Paulus,
896 2953 954 3038 filij
972 2952 1071 3038 Baas,
1084 2952 1212 3020 nebilcs
1224 2954 1268 3020 de
1288 2953 1451 3021 (lumitate

327 3055 500 3140 Tclnensi‚
528 3059 695 3141 quandam
715 3066 834 3127 terram
862 3059 1056 3145 Reginalem
1084 3060 1274 3145 Egennaraz
1300 3065 1448 3126 uocatam

328 3165 363 3230 in
379 3152 493 3233 eodeni
505 3165 667 3234 comitatu
679 3167 883 3250 existentem,
894 3187 1033 3234 vacuam
1046 3176 1075 3232 et
1092 3167 1329 3234 habitatoribus
1345 3167 1446 3236 desti-

328 3277 443 3355 tutam,
460 3282 494 3335 ut
510 3271 691 3354 dicebatur,
708 3275 740 3340 in
758 3293 824 3356 qua
841 3273 994 3342 Ecclesia
1014 3274 1047 3339 in
1064 3274 1188 3354 honore
1204 3275 1354 3366 Omnium
1371 3271 1450 3342 San·

329 3385 453 3444 etenum
471 3385 521 3444 eet
537 3379 684 3459 fundata,
702 3379 897 3462 petiuisscnt
913 3403 934 3448 a
949 3379 1043 3449 nobis
1061 3381 1124 3447 sibi
1140 3381 1212 3449 dari
1222 3433 1231 3466 ,
1250 3387 1282 3447 et
1296 3379 1392 3450 nobis
1411 3380 1450 3446 de

328 3485 490 3573 qualitate
507 3493 540 3551 et
552 3487 739 3571 quantitate
755 3486 901 3555 eiusdem
914 3496 999 3555 terre
1015 3508 1080 3554 non
1093 3495 1268 3565 constaret,
1284 3497 1393 3555 utrum
1410 3489 1451 3554 ad

329 3600 474 3661 nestram
492 3595 671 3677 pertineret
689 3594 914 3679 ccllacienem,
931 3614 992 3660 nec
1008 3615 1058 3676 ne,
1077 3595 1229 3664 fidelibus
1248 3596 1370 3664 nostris
1388 3595 1450 3663 Ab·

330 3699 400 3769 bati
417 3707 449 3766 et
465 3700 649 3767 Ocnuentui
662 3703 895 3770 Saxardlensis
913 3701 998 3790 (lgy)
1015 3703 1165 3771 dedimus
1175 3703 1209 3770 lu
1224 3703 1402 3788 mandatis,
1418 3711 1451 3768 vt

330 3807 495 3874 bominem
513 3809 655 3893 ipserum
667 3809 835 3877 mitterent
850 3809 1049 3894 fidedignum
1061 3829 1121 3893 pro
1137 3809 1332 3890 testimonie,
1344 3829 1452 3875 coram

330 3933 394 3996 ¹ipre
411 3917 607 3998 Lampertue
624 3916 710 3980 filius
727 3917 822 3998 noys
839 3917 879 3982 dc
896 3920 991 3984 Duus
1009 3917 1105 3984 homo
1123 3923 1249 4000 nester,
1266 3918 1451 3984 conuocatis

332 4023 554 4090 cenmetanels
571 4030 604 4088 et
620 4021 747 4104 uicinis,
764 4023 988 4090 reambularet
1004 4026 1109 4110 ipsam
1125 4032 1256 4108 terram,
1274 4032 1307 4092 et
1324 4032 1450 4092 statue-

331 4134 382 4196 ret
397 4128 478 4212 ipsis
495 4128 572 4213 filijs
589 4129 697 4211 Bias,
725 4130 754 4194 si
771 4150 836 4194 non
852 4128 945 4199 lieret
962 4130 1199 4198 contradictum
1210 4125 1451 4214 ‚contenten-

332 4233 420 4302 ribus
436 4253 513 4301 uere
532 4235 574 4299 ad
591 4242 737 4302 nestram
754 4238 960 4321 presencium
979 4237 1124 4304 euocatis
1159 4223 1226 4313 'Qui
1243 4235 1374 4319 quidem
1392 4239 1453 4304 Ab·

340 4341 402 4406 bas
420 4338 431 4421 l
434 4345 466 4406 et
482 4339 575 4407 homo
592 4337 721 4426 noste)r
737 4341 832 4408 noble
848 4342 1088 4426 rescripserunt
1104 4343 1137 4408 in
1155 4343 1215 4408 hee
1232 4344 1336 4410 uerba
1353 4369 1363 4408 :t

441 4441 726 4516 ll'xeellentiseimc
743 4449 874 4516 dominc
891 4469 949 4516 suo
967 4451 1098 4517 Andree
1115 4451 1177 4516 Dei
1201 4450 1315 4534 gracia
1332 4449 1455 4517 Illustri

334 4552 417 4638 Regi
434 4557 605 4638 Huugaric
622 4558 737 4624 Albas
756 4563 788 4621 et
805 4559 992 4626 Ocnuentus
1017 4557 1206 4642 monasterij
1225 4554 1455 4626 Saxardiemis
1538 4561 1539 4608 l

336 4658 398 4726 sib.
415 4665 496 4735 (mint
510 4669 625 4725 lentebb
647 4671 724 4731 1³1.
742 4689 779 4724 aa.
797 4668 835 4741 a.)
