<?xml version="1.0" encoding="UTF-8"?>
<!DOCTYPE html PUBLIC "-//W3C//DTD XHTML 1.0 Transitional//EN"
    "http://www.w3.org/TR/xhtml1/DTD/xhtml1-transitional.dtd">
<html xmlns="http://www.w3.org/1999/xhtml" xml:lang="en" lang="en">
 <head>
  <title>
</title>
<meta http-equiv="Content-Type" content="text/html;charset=utf-8" />
  <meta name='ocr-system' content='tesseract 3.04.00' />
  <meta name='ocr-capabilities' content='ocr_page ocr_carea ocr_par ocr_line ocrx_word'/>
</head>
<body>
  <div class='ocr_page' id='page_1' title='image "./codexdiplomatic16wenzgoog_0193.png"; bbox 0 0 3094 5168; ppageno 0'>
   <div class='ocr_carea' id='block_1_1' title="bbox 364 1130 1473 1332">
    <p class='ocr_par' dir='ltr' id='par_1_1' title="bbox 364 1130 1473 1332">
     <span class='ocr_line' id='line_1_1' title="bbox 364 1130 1473 1223; baseline 0.002 -23"><span class='ocrx_word' id='word_1_1' title='bbox 364 1134 474 1202; x_wconf 84' lang='lat' dir='ltr'><strong>Udoar</strong></span> <span class='ocrx_word' id='word_1_2' title='bbox 498 1130 586 1218; x_wconf 73' lang='lat' dir='ltr'><strong>Grdf</strong></span> <span class='ocrx_word' id='word_1_3' title='bbox 607 1132 717 1218; x_wconf 82' lang='lat' dir='ltr'><strong>elndja</strong></span> <span class='ocrx_word' id='word_1_4' title='bbox 740 1131 792 1196; x_wconf 85' lang='lat'><strong>30</strong></span> <span class='ocrx_word' id='word_1_5' title='bbox 815 1131 887 1218; x_wconf 74' lang='lat' dir='ltr'><strong>pira</strong></span> <span class='ocrx_word' id='word_1_6' title='bbox 913 1133 1053 1198; x_wconf 77' lang='lat' dir='ltr'><strong>dendron</strong></span> <span class='ocrx_word' id='word_1_7' title='bbox 1078 1133 1262 1220; x_wconf 69' lang='lat' dir='ltr'><strong>kdrtodlyeai</strong></span> <span class='ocrx_word' id='word_1_8' title='bbox 1287 1137 1341 1202; x_wconf 76' lang='lat' dir='ltr'><strong>lant</strong></span> <span class='ocrx_word' id='word_1_9' title='bbox 1364 1137 1473 1223; x_wconf 60' lang='lat' dir='ltr'><strong>zlapi</strong></span> 
     </span>
     <span class='ocr_line' id='line_1_2' title="bbox 402 1213 1426 1332; baseline 0.003 -25"><span class='ocrx_word' id='word_1_10' title='bbox 402 1243 611 1330; x_wconf 72' lang='lat' dir='ltr'><strong>rdsajdazdpdt</strong></span> <span class='ocrx_word' id='word_1_11' title='bbox 642 1241 738 1306; x_wconf 71' lang='lat' dir='ltr'><strong>Veros</strong></span> <span class='ocrx_word' id='word_1_12' title='bbox 753 1213 915 1304; x_wconf 67' lang='lat' dir='ltr'><strong>Abrohom</strong></span> <span class='ocrx_word' id='word_1_13' title='bbox 932 1243 1085 1328; x_wconf 74' lang='lat' dir='ltr'><strong>poenorayt‘</strong></span> <span class='ocrx_word' id='word_1_14' title='bbox 1099 1243 1301 1332; x_wconf 74' lang='lat' dir='ltr'><strong>allapdranalc.</strong></span> <span class='ocrx_word' id='word_1_15' title='bbox 1327 1245 1426 1313; x_wconf 79' lang='lat'><em>1296.</em></span> 
     </span>
    </p>
   </div>
   <div class='ocr_carea' id='block_1_2' title="bbox 772 1420 1066 1492">
    <p class='ocr_par' dir='ltr' id='par_1_2' title="bbox 772 1420 1066 1492">
     <span class='ocr_line' id='line_1_3' title="bbox 772 1420 1066 1492; baseline 0 -6"><span class='ocrx_word' id='word_1_16' title='bbox 772 1423 810 1486; x_wconf 86' lang='lat' dir='ltr'><strong>A.</strong></span> <span class='ocrx_word' id='word_1_17' title='bbox 902 1420 939 1486; x_wconf 91' lang='grc' dir='ltr'><strong>Β.</strong></span> <span class='ocrx_word' id='word_1_18' title='bbox 1031 1423 1066 1492; x_wconf 80' lang='lat' dir='ltr'><strong>O.</strong></span> 
     </span>
    </p>
   </div>
   <div class='ocr_carea' id='block_1_3' title="bbox 274 1581 1514 4716">
    <p class='ocr_par' dir='ltr' id='par_1_3' title="bbox 274 1581 1514 4716">
     <span class='ocr_line' id='line_1_4' title="bbox 450 1581 1477 1671; baseline -0.002 -19"><span class='ocrx_word' id='word_1_19' title='bbox 450 1583 635 1671; x_wconf 78' lang='lat' dir='ltr'>Capitulum</span> <span class='ocrx_word' id='word_1_20' title='bbox 647 1581 857 1650; x_wconf 86' lang='lat' dir='ltr'><strong>Posonienais</strong></span> <span class='ocrx_word' id='word_1_21' title='bbox 867 1583 1016 1650; x_wconf 84' lang='lat' dir='ltr'><strong>Eooiesie</strong></span> <span class='ocrx_word' id='word_1_22' title='bbox 1026 1584 1177 1652; x_wconf 89' lang='lat' dir='ltr'><strong>omnibns</strong></span> <span class='ocrx_word' id='word_1_23' title='bbox 1187 1584 1310 1653; x_wconf 75' lang='lat' dir='ltr'><strong>Christi</strong></span> <span class='ocrx_word' id='word_1_24' title='bbox 1326 1582 1477 1652; x_wconf 82' lang='lat' dir='ltr'><strong>fidelibus</strong></span> 
     </span>
     <span class='ocr_line' id='line_1_5' title="bbox 364 1692 1478 1782; baseline -0.004 -20"><span class='ocrx_word' id='word_1_25' title='bbox 364 1699 552 1782; x_wconf 76' lang='lat' dir='ltr'>presentem</span> <span class='ocrx_word' id='word_1_26' title='bbox 569 1693 710 1759; x_wconf 87' lang='lat' dir='ltr'><strong>litteram</strong></span> <span class='ocrx_word' id='word_1_27' title='bbox 729 1692 923 1776; x_wconf 82' lang='lat' dir='ltr'><strong>inspecturis</strong></span> <span class='ocrx_word' id='word_1_28' title='bbox 934 1693 1072 1760; x_wconf 87' lang='lat' dir='ltr'><strong>salntem</strong></span> <span class='ocrx_word' id='word_1_29' title='bbox 1083 1695 1115 1760; x_wconf 94' lang='lat' dir='ltr'><strong>in</strong></span> <span class='ocrx_word' id='word_1_30' title='bbox 1127 1695 1243 1761; x_wconf 86' lang='lat' dir='ltr'><strong>salutis</strong></span> <span class='ocrx_word' id='word_1_31' title='bbox 1253 1695 1419 1780; x_wconf 82' lang='lat' dir='ltr'><strong>largitore.</strong></span> <span class='ocrx_word' id='word_1_32' title='bbox 1427 1693 1478 1762; x_wconf 84' lang='lat' dir='ltr'><strong>Ad</strong></span> 
     </span>
     <span class='ocr_line' id='line_1_6' title="bbox 360 1796 1477 1889; baseline -0.004 -19"><span class='ocrx_word' id='word_1_33' title='bbox 360 1804 585 1871; x_wconf 83' lang='lat' dir='ltr'><strong>vninersorum</strong></span> <span class='ocrx_word' id='word_1_34' title='bbox 595 1799 750 1867; x_wconf 81' lang='lat' dir='ltr'><strong>noticiam</strong></span> <span class='ocrx_word' id='word_1_35' title='bbox 761 1796 887 1886; x_wconf 88' lang='lat' dir='ltr'><strong>(tenore</strong></span> <span class='ocrx_word' id='word_1_36' title='bbox 903 1801 1105 1885; x_wconf 88' lang='lat' dir='ltr'><strong>preaeneinm</strong></span> <span class='ocrx_word' id='word_1_37' title='bbox 1120 1800 1284 1887; x_wconf 85' lang='lat' dir='ltr'><strong>volumus)</strong></span> <span class='ocrx_word' id='word_1_38' title='bbox 1296 1799 1477 1889; x_wconf 83' lang='lat' dir='ltr'><strong>peruenire,</strong></span> 
     </span>
     <span class='ocr_line' id='line_1_7' title="bbox 361 1907 1477 1996; baseline -0.003 -19"><span class='ocrx_word' id='word_1_39' title='bbox 361 1911 445 1996; x_wconf 85' lang='lat' dir='ltr'><strong>quod</strong></span> <span class='ocrx_word' id='word_1_40' title='bbox 462 1907 646 1976; x_wconf 85' lang='lat' dir='ltr'><strong>constitutis</strong></span> <span class='ocrx_word' id='word_1_41' title='bbox 663 1927 773 1975; x_wconf 88' lang='lat' dir='ltr'><strong>eoram</strong></span> <span class='ocrx_word' id='word_1_42' title='bbox 784 1907 878 1973; x_wconf 91' lang='lat' dir='ltr'><strong>nobis</strong></span> <span class='ocrx_word' id='word_1_43' title='bbox 889 1908 1049 1994; x_wconf 83' lang='lat' dir='ltr'><strong>magistro</strong></span> <span class='ocrx_word' id='word_1_44' title='bbox 1065 1907 1204 1976; x_wconf 88' lang='lat' dir='ltr'><strong>Nieolao</strong></span> <span class='ocrx_word' id='word_1_45' title='bbox 1215 1910 1351 1977; x_wconf 88' lang='lat' dir='ltr'><strong>Notario</strong></span> <span class='ocrx_word' id='word_1_46' title='bbox 1367 1909 1477 1975; x_wconf 81' lang='lat' dir='ltr'><strong>Abrae</strong></span> 
     </span>
     <span class='ocr_line' id='line_1_8' title="bbox 361 2013 1479 2102; baseline -0.006 -15"><span class='ocrx_word' id='word_1_47' title='bbox 361 2021 432 2087; x_wconf 88' lang='lat' dir='ltr'><strong>Rnti</strong></span> <span class='ocrx_word' id='word_1_48' title='bbox 457 2019 598 2087; x_wconf 83' lang='lat' dir='ltr'><strong>Gurialis</strong></span> <span class='ocrx_word' id='word_1_49' title='bbox 615 2017 751 2086; x_wconf 78' lang='lat' dir='ltr'><strong>Comitis</strong></span> <span class='ocrx_word' id='word_1_50' title='bbox 776 2016 995 2096; x_wconf 85' lang='lat' dir='ltr'><strong>Posoniansis,</strong></span> <span class='ocrx_word' id='word_1_51' title='bbox 1012 2021 1046 2084; x_wconf 89' lang='lat' dir='ltr'><strong>et</strong></span> <span class='ocrx_word' id='word_1_52' title='bbox 1060 2018 1179 2102; x_wconf 89' lang='lat' dir='ltr'><strong>ipolito</strong></span> <span class='ocrx_word' id='word_1_53' title='bbox 1205 2013 1300 2102; x_wconf 83' lang='lat' dir='ltr'><strong>(filio)</strong></span> <span class='ocrx_word' id='word_1_54' title='bbox 1317 2016 1479 2084; x_wconf 86' lang='lat' dir='ltr'><strong>Dominioi</strong></span> 
     </span>
     <span class='ocr_line' id='line_1_9' title="bbox 360 2121 1479 2204; baseline -0.002 -7"><span class='ocrx_word' id='word_1_55' title='bbox 360 2131 434 2197; x_wconf 85' lang='lat' dir='ltr'><strong>viee</strong></span> <span class='ocrx_word' id='word_1_56' title='bbox 449 2136 482 2196; x_wconf 91' lang='lat' dir='ltr'><strong>et</strong></span> <span class='ocrx_word' id='word_1_57' title='bbox 497 2128 570 2197; x_wconf 85' lang='lat' dir='ltr'><strong>loeo</strong></span> <span class='ocrx_word' id='word_1_58' title='bbox 587 2127 709 2194; x_wconf 90' lang='lat' dir='ltr'><strong>domini</strong></span> <span class='ocrx_word' id='word_1_59' title='bbox 726 2125 796 2204; x_wconf 89' lang='lat' dir='ltr'><strong>sui,</strong></span> <span class='ocrx_word' id='word_1_60' title='bbox 821 2125 941 2194; x_wconf 90' lang='lat' dir='ltr'><strong>nobilis</strong></span> <span class='ocrx_word' id='word_1_61' title='bbox 958 2124 1020 2190; x_wconf 89' lang='lat' dir='ltr'><strong>viri</strong></span> <span class='ocrx_word' id='word_1_62' title='bbox 1037 2121 1183 2192; x_wconf 86' lang='lat' dir='ltr'><strong>eiusdem</strong></span> <span class='ocrx_word' id='word_1_63' title='bbox 1208 2125 1345 2193; x_wconf 79' lang='lat' dir='ltr'><strong>Comitis</strong></span> <span class='ocrx_word' id='word_1_64' title='bbox 1367 2127 1479 2195; x_wconf 79' lang='lat' dir='ltr'><strong>Abrae</strong></span> 
     </span>
     <span class='ocr_line' id='line_1_10' title="bbox 361 2231 1479 2324; baseline -0.005 -18"><span class='ocrx_word' id='word_1_65' title='bbox 361 2237 435 2306; x_wconf 88' lang='lat' dir='ltr'><strong>Bnli</strong></span> <span class='ocrx_word' id='word_1_66' title='bbox 445 2255 562 2304; x_wconf 83' lang='lat' dir='ltr'><strong>exona</strong></span> <span class='ocrx_word' id='word_1_67' title='bbox 572 2243 684 2324; x_wconf 75' lang='lat' dir='ltr'><strong>parte,</strong></span> <span class='ocrx_word' id='word_1_68' title='bbox 700 2235 825 2303; x_wconf 89' lang='lat' dir='ltr'><strong>deor</strong></span> <span class='ocrx_word' id='word_1_69' title='bbox 839 2233 907 2300; x_wconf 89' lang='lat' dir='ltr'><strong>filio</strong></span> <span class='ocrx_word' id='word_1_70' title='bbox 924 2231 1058 2318; x_wconf 66' lang='lat' dir='ltr'><strong>(leotsij</strong></span> <span class='ocrx_word' id='word_1_71' title='bbox 1071 2235 1113 2302; x_wconf 91' lang='lat' dir='ltr'><strong>de</strong></span> <span class='ocrx_word' id='word_1_72' title='bbox 1131 2235 1210 2302; x_wconf 87' lang='lat' dir='ltr'><strong>Sala</strong></span> <span class='ocrx_word' id='word_1_73' title='bbox 1224 2265 1269 2281; x_wconf 91' lang='lat'><em>—</em></span> <span class='ocrx_word' id='word_1_74' title='bbox 1279 2267 1323 2282; x_wconf 89' lang='lat'><em>-</em></span> <span class='ocrx_word' id='word_1_75' title='bbox 1333 2254 1352 2300; x_wconf 93' lang='lat' dir='ltr'><strong>e</strong></span> <span class='ocrx_word' id='word_1_76' title='bbox 1362 2269 1406 2281; x_wconf 98' lang='lat'>—</span> <span class='ocrx_word' id='word_1_77' title='bbox 1417 2259 1479 2319; x_wconf 90' lang='lat'><strong>—;</strong></span> 
     </span>
     <span class='ocr_line' id='line_1_11' title="bbox 361 2341 1480 2432; baseline -0.003 -19"><span class='ocrx_word' id='word_1_78' title='bbox 361 2348 448 2415; x_wconf 89' lang='lat' dir='ltr'><strong>idem</strong></span> <span class='ocrx_word' id='word_1_79' title='bbox 464 2345 587 2413; x_wconf 88' lang='lat' dir='ltr'><strong>Wduor</strong></span> <span class='ocrx_word' id='word_1_80' title='bbox 602 2345 735 2414; x_wconf 88' lang='lat' dir='ltr'><strong>oraenlo</strong></span> <span class='ocrx_word' id='word_1_81' title='bbox 746 2343 921 2410; x_wconf 88' lang='lat' dir='ltr'><strong>nineuoeis</strong></span> <span class='ocrx_word' id='word_1_82' title='bbox 937 2349 988 2410; x_wconf 89' lang='lat' dir='ltr'><strong>est</strong></span> <span class='ocrx_word' id='word_1_83' title='bbox 1008 2341 1187 2426; x_wconf 80' lang='lat' dir='ltr'><strong>eonfessns,</strong></span> <span class='ocrx_word' id='word_1_84' title='bbox 1200 2341 1286 2426; x_wconf 88' lang='lat' dir='ltr'><strong>qnod</strong></span> <span class='ocrx_word' id='word_1_85' title='bbox 1296 2343 1367 2432; x_wconf 90' lang='lat' dir='ltr'><strong>ipse</strong></span> <span class='ocrx_word' id='word_1_86' title='bbox 1378 2363 1480 2428; x_wconf 87' lang='lat' dir='ltr'><strong>qnan-</strong></span> 
     </span>
     <span class='ocr_line' id='line_1_12' title="bbox 361 2449 1478 2540; baseline -0.004 -19"><span class='ocrx_word' id='word_1_87' title='bbox 361 2455 436 2524; x_wconf 91' lang='lat' dir='ltr'><strong>dam</strong></span> <span class='ocrx_word' id='word_1_88' title='bbox 461 2455 703 2540; x_wconf 85' lang='lat' dir='ltr'><strong>possessionem</strong></span> <span class='ocrx_word' id='word_1_89' title='bbox 727 2471 821 2520; x_wconf 86' lang='lat' dir='ltr'><strong>snam</strong></span> <span class='ocrx_word' id='word_1_90' title='bbox 846 2450 1078 2518; x_wconf 83' lang='lat' dir='ltr'><strong>hereditariam</strong></span> <span class='ocrx_word' id='word_1_91' title='bbox 1105 2452 1141 2518; x_wconf 95' lang='lat' dir='ltr'><strong>in</strong></span> <span class='ocrx_word' id='word_1_92' title='bbox 1158 2449 1323 2520; x_wconf 72' lang='lat' dir='ltr'><strong>comitatu</strong></span> <span class='ocrx_word' id='word_1_93' title='bbox 1343 2453 1478 2520; x_wconf 87' lang='lat' dir='ltr'><strong>llaioris</strong></span> 
     </span>
     <span class='ocr_line' id='line_1_13' title="bbox 362 2548 1480 2650; baseline -0.003 -20"><span class='ocrx_word' id='word_1_94' title='bbox 362 2563 494 2650; x_wconf 88' lang='lat' dir='ltr'><strong>Posonij</strong></span> <span class='ocrx_word' id='word_1_95' title='bbox 512 2557 735 2648; x_wconf 87' lang='lat' dir='ltr'><strong>e(xistentem)</strong></span> <span class='ocrx_word' id='word_1_96' title='bbox 751 2561 927 2628; x_wconf 87' lang='lat' dir='ltr'><strong>Kortnelus</strong></span> <span class='ocrx_word' id='word_1_97' title='bbox 942 2565 1092 2628; x_wconf 86' lang='lat' dir='ltr'><strong>voeatam</strong></span> <span class='ocrx_word' id='word_1_98' title='bbox 1120 2548 1167 2624; x_wconf 76' lang='lat' dir='ltr'><strong>ad¹</strong></span> <span class='ocrx_word' id='word_1_99' title='bbox 1180 2577 1241 2626; x_wconf 87' lang='lat' dir='ltr'><strong>sex</strong></span> <span class='ocrx_word' id='word_1_100' title='bbox 1257 2566 1369 2627; x_wconf 90' lang='lat' dir='ltr'><strong>aratra</strong></span> <span class='ocrx_word' id='word_1_101' title='bbox 1385 2560 1480 2629; x_wconf 76' lang='lat' dir='ltr'><strong>suro-</strong></span> 
     </span>
     <span class='ocr_line' id='line_1_14' title="bbox 362 2665 1481 2756; baseline -0.004 -18"><span class='ocrx_word' id='word_1_102' title='bbox 362 2671 625 2752; x_wconf 91' lang='lat' dir='ltr'><strong>oientem,&#39;sitam</strong></span> <span class='ocrx_word' id='word_1_103' title='bbox 636 2669 721 2737; x_wconf 89' lang='lat' dir='ltr'><strong>inter</strong></span> <span class='ocrx_word' id='word_1_104' title='bbox 735 2675 854 2737; x_wconf 91' lang='lat' dir='ltr'><strong>terram</strong></span> <span class='ocrx_word' id='word_1_105' title='bbox 868 2671 1043 2738; x_wconf 89' lang='lat' dir='ltr'><strong>Kortnelns</strong></span> <span class='ocrx_word' id='word_1_106' title='bbox 1065 2667 1229 2752; x_wconf 84' lang='lat' dir='ltr'><strong>quandam</strong></span> <span class='ocrx_word' id='word_1_107' title='bbox 1248 2665 1332 2756; x_wconf 76' lang='lat' dir='ltr'><strong>(tgy)</strong></span> <span class='ocrx_word' id='word_1_108' title='bbox 1342 2667 1481 2736; x_wconf 87' lang='lat' dir='ltr'><strong>filiorum</strong></span> 
     </span>
     <span class='ocr_line' id='line_1_15' title="bbox 363 2773 1481 2865; baseline -0.002 -19"><span class='ocrx_word' id='word_1_109' title='bbox 363 2778 523 2849; x_wconf 88' lang='lat' dir='ltr'><strong>Dominioi</strong></span> <span class='ocrx_word' id='word_1_110' title='bbox 536 2785 662 2863; x_wconf 88' lang='lat' dir='ltr'><strong>aparte</strong></span> <span class='ocrx_word' id='word_1_111' title='bbox 678 2775 894 2861; x_wconf 78' lang='lat' dir='ltr'><strong>meridionali,</strong></span> <span class='ocrx_word' id='word_1_112' title='bbox 905 2785 935 2842; x_wconf 87' lang='lat' dir='ltr'><strong>et</strong></span> <span class='ocrx_word' id='word_1_113' title='bbox 953 2778 1037 2844; x_wconf 91' lang='lat' dir='ltr'><strong>inter</strong></span> <span class='ocrx_word' id='word_1_114' title='bbox 1047 2783 1166 2844; x_wconf 90' lang='lat' dir='ltr'><strong>terram</strong></span> <span class='ocrx_word' id='word_1_115' title='bbox 1183 2773 1332 2865; x_wconf 82' lang='lat' dir='ltr'><strong>Ohepani</strong></span> <span class='ocrx_word' id='word_1_116' title='bbox 1347 2797 1369 2844; x_wconf 87' lang='lat' dir='ltr'><strong>a</strong></span> <span class='ocrx_word' id='word_1_117' title='bbox 1384 2787 1481 2864; x_wconf 90' lang='lat' dir='ltr'><strong>parte</strong></span> 
     </span>
     <span class='ocr_line' id='line_1_16' title="bbox 362 2887 1482 2976; baseline -0.003 -19"><span class='ocrx_word' id='word_1_118' title='bbox 362 2888 441 2957; x_wconf 83' lang='lat' dir='ltr'><strong>ville</strong></span> <span class='ocrx_word' id='word_1_119' title='bbox 457 2887 579 2970; x_wconf 88' lang='lat' dir='ltr'><strong>Paaeh,</strong></span> <span class='ocrx_word' id='word_1_120' title='bbox 600 2888 727 2954; x_wconf 84' lang='lat' dir='ltr'><strong>seilicet</strong></span> <span class='ocrx_word' id='word_1_121' title='bbox 743 2906 765 2953; x_wconf 88' lang='lat' dir='ltr'><strong>a</strong></span> <span class='ocrx_word' id='word_1_122' title='bbox 779 2893 873 2976; x_wconf 87' lang='lat' dir='ltr'><strong>parte</strong></span> <span class='ocrx_word' id='word_1_123' title='bbox 883 2887 1154 2973; x_wconf 80' lang='lat' dir='ltr'><strong>septemtrionali,</strong></span> <span class='ocrx_word' id='word_1_124' title='bbox 1167 2904 1239 2954; x_wconf 89' lang='lat' dir='ltr'><strong>oum</strong></span> <span class='ocrx_word' id='word_1_125' title='bbox 1256 2887 1406 2954; x_wconf 90' lang='lat' dir='ltr'><strong>omnibns</strong></span> <span class='ocrx_word' id='word_1_126' title='bbox 1424 2889 1482 2954; x_wconf 84' lang='lat' dir='ltr'><strong>vti-</strong></span> 
     </span>
     <span class='ocr_line' id='line_1_17' title="bbox 362 2993 1482 3082; baseline -0.003 -17"><span class='ocrx_word' id='word_1_127' title='bbox 362 2997 510 3066; x_wconf 87' lang='lat' dir='ltr'><strong>litatibus</strong></span> <span class='ocrx_word' id='word_1_128' title='bbox 526 3003 559 3063; x_wconf 89' lang='lat' dir='ltr'><strong>et</strong></span> <span class='ocrx_word' id='word_1_129' title='bbox 575 2996 788 3082; x_wconf 87' lang='lat' dir='ltr'><strong>pertineneijs</strong></span> <span class='ocrx_word' id='word_1_130' title='bbox 806 2996 874 3063; x_wconf 84' lang='lat' dir='ltr'><strong>anis</strong></span> <span class='ocrx_word' id='word_1_131' title='bbox 890 2995 1094 3064; x_wconf 85' lang='lat' dir='ltr'><strong>vendidisset</strong></span> <span class='ocrx_word' id='word_1_132' title='bbox 1111 2993 1216 3062; x_wconf 89' lang='lat' dir='ltr'><strong>eidem</strong></span> <span class='ocrx_word' id='word_1_133' title='bbox 1233 2995 1351 3064; x_wconf 77' lang='lat' dir='ltr'><strong>comiti</strong></span> <span class='ocrx_word' id='word_1_134' title='bbox 1369 2997 1482 3062; x_wconf 81' lang='lat' dir='ltr'><strong>Abrae</strong></span> 
     </span>
     <span class='ocr_line' id='line_1_18' title="bbox 362 3101 1481 3192; baseline -0.002 -18"><span class='ocrx_word' id='word_1_135' title='bbox 362 3106 448 3176; x_wconf 86' lang='lat' dir='ltr'><strong>Rulo</strong></span> <span class='ocrx_word' id='word_1_136' title='bbox 463 3125 523 3192; x_wconf 91' lang='lat' dir='ltr'><strong>pro</strong></span> <span class='ocrx_word' id='word_1_137' title='bbox 539 3105 677 3191; x_wconf 82' lang='lat' dir='ltr'><strong>triginta</strong></span> <span class='ocrx_word' id='word_1_138' title='bbox 692 3107 811 3174; x_wconf 87' lang='lat' dir='ltr'><strong>mareis</strong></span> <span class='ocrx_word' id='word_1_139' title='bbox 837 3105 1043 3176; x_wconf 88' lang='lat' dir='ltr'><strong>denariorum</strong></span> <span class='ocrx_word' id='word_1_140' title='bbox 1058 3105 1197 3174; x_wconf 88' lang='lat' dir='ltr'><strong>latorum</strong></span> <span class='ocrx_word' id='word_1_141' title='bbox 1222 3101 1481 3192; x_wconf 82' lang='lat' dir='ltr'><strong>Wyennensium</strong></span> 
     </span>
     <span class='ocr_line' id='line_1_19' title="bbox 274 3199 1483 3300; baseline -0.003 -16"><span class='ocrx_word' id='word_1_142' title='bbox 274 3199 280 3212; x_wconf 77' lang='grc'>’</span> <span class='ocrx_word' id='word_1_143' title='bbox 363 3217 396 3284; x_wconf 93' lang='lat' dir='ltr'><strong>in</strong></span> <span class='ocrx_word' id='word_1_144' title='bbox 412 3215 496 3283; x_wconf 87' lang='lat' dir='ltr'><strong>tilios</strong></span> <span class='ocrx_word' id='word_1_145' title='bbox 512 3214 651 3281; x_wconf 87' lang='lat' dir='ltr'><strong>tiliorum</strong></span> <span class='ocrx_word' id='word_1_146' title='bbox 667 3221 826 3299; x_wconf 87' lang='lat' dir='ltr'><strong>perpetuo</strong></span> <span class='ocrx_word' id='word_1_147' title='bbox 837 3213 1081 3300; x_wconf 74' lang='lat' dir='ltr'><strong>possidendam,</strong></span> <span class='ocrx_word' id='word_1_148' title='bbox 1094 3233 1193 3298; x_wconf 90' lang='lat' dir='ltr'><strong>quam</strong></span> <span class='ocrx_word' id='word_1_149' title='bbox 1211 3231 1370 3282; x_wconf 85' lang='lat' dir='ltr'><strong>summam</strong></span> <span class='ocrx_word' id='word_1_150' title='bbox 1381 3233 1483 3300; x_wconf 88' lang='lat' dir='ltr'><strong>peon·</strong></span> 
     </span>
     <span class='ocr_line' id='line_1_20' title="bbox 362 3317 1483 3410; baseline -0.004 -18"><span class='ocrx_word' id='word_1_151' title='bbox 362 3326 416 3392; x_wconf 86' lang='lat' dir='ltr'><strong>nie</strong></span> <span class='ocrx_word' id='word_1_152' title='bbox 433 3323 539 3390; x_wconf 87' lang='lat' dir='ltr'><strong>dietus</strong></span> <span class='ocrx_word' id='word_1_153' title='bbox 556 3323 674 3390; x_wconf 78' lang='lat' dir='ltr'><strong>Comes</strong></span> <span class='ocrx_word' id='word_1_154' title='bbox 691 3317 777 3410; x_wconf 78' lang='lat' dir='ltr'><strong>(igy)</strong></span> <span class='ocrx_word' id='word_1_155' title='bbox 795 3322 918 3389; x_wconf 88' lang='lat' dir='ltr'><strong>deor</strong></span> <span class='ocrx_word' id='word_1_156' title='bbox 934 3321 1020 3388; x_wconf 84' lang='lat' dir='ltr'><strong>dixit</strong></span> <span class='ocrx_word' id='word_1_157' title='bbox 1036 3339 1072 3389; x_wconf 90' lang='lat' dir='ltr'><strong>se</strong></span> <span class='ocrx_word' id='word_1_158' title='bbox 1087 3319 1236 3409; x_wconf 87' lang='lat' dir='ltr'><strong>plenarie</strong></span> <span class='ocrx_word' id='word_1_159' title='bbox 1253 3322 1433 3409; x_wconf 77' lang='lat' dir='ltr'><strong>recepisse,</strong></span> <span class='ocrx_word' id='word_1_160' title='bbox 1451 3329 1483 3389; x_wconf 90' lang='lat' dir='ltr'><strong>et</strong></span> 
     </span>
     <span class='ocr_line' id='line_1_21' title="bbox 363 3429 1484 3517; baseline -0.001 -17"><span class='ocrx_word' id='word_1_161' title='bbox 363 3451 399 3500; x_wconf 93' lang='lat' dir='ltr'><strong>se</strong></span> <span class='ocrx_word' id='word_1_162' title='bbox 415 3449 489 3500; x_wconf 84' lang='lat' dir='ltr'><strong>esse</strong></span> <span class='ocrx_word' id='word_1_163' title='bbox 506 3451 566 3517; x_wconf 89' lang='lat' dir='ltr'><strong>per</strong></span> <span class='ocrx_word' id='word_1_164' title='bbox 581 3429 719 3497; x_wconf 88' lang='lat' dir='ltr'><strong>eundem</strong></span> <span class='ocrx_word' id='word_1_165' title='bbox 736 3430 895 3498; x_wconf 80' lang='lat' dir='ltr'><strong>Comitem</strong></span> <span class='ocrx_word' id='word_1_166' title='bbox 911 3429 1053 3496; x_wconf 82' lang='lat' dir='ltr'><strong>Abraam</strong></span> <span class='ocrx_word' id='word_1_167' title='bbox 1079 3429 1196 3497; x_wconf 82' lang='lat' dir='ltr'><strong>Rufum</strong></span> <span class='ocrx_word' id='word_1_168' title='bbox 1222 3431 1427 3514; x_wconf 88' lang='lat' dir='ltr'><strong>persolutum</strong></span> <span class='ocrx_word' id='word_1_169' title='bbox 1444 3453 1484 3499; x_wconf 86' lang='lat' dir='ltr'><strong>ex</strong></span> 
     </span>
     <span class='ocr_line' id='line_1_22' title="bbox 365 3535 1485 3626; baseline -0.004 -16"><span class='ocrx_word' id='word_1_170' title='bbox 365 3542 502 3626; x_wconf 80' lang='lat' dir='ltr'><strong>integro.</strong></span> <span class='ocrx_word' id='word_1_171' title='bbox 513 3538 585 3618; x_wconf 81' lang='lat' dir='ltr'><strong>Qua</strong></span> <span class='ocrx_word' id='word_1_172' title='bbox 596 3535 682 3626; x_wconf 83' lang='lat' dir='ltr'><strong>(igy)</strong></span> <span class='ocrx_word' id='word_1_173' title='bbox 692 3538 824 3622; x_wconf 89' lang='lat' dir='ltr'><strong>quidem</strong></span> <span class='ocrx_word' id='word_1_174' title='bbox 833 3545 922 3606; x_wconf 86' lang='lat' dir='ltr'><strong>terra</strong></span> <span class='ocrx_word' id='word_1_175' title='bbox 931 3537 1104 3606; x_wconf 86' lang='lat' dir='ltr'><strong>Kortnelus</strong></span> <span class='ocrx_word' id='word_1_176' title='bbox 1114 3541 1155 3607; x_wconf 87' lang='lat' dir='ltr'><strong>ab</strong></span> <span class='ocrx_word' id='word_1_177' title='bbox 1166 3537 1336 3606; x_wconf 88' lang='lat' dir='ltr'><strong>oeeidente</strong></span> <span class='ocrx_word' id='word_1_178' title='bbox 1348 3539 1395 3606; x_wconf 89' lang='lat' dir='ltr'><strong>ibi</strong></span> <span class='ocrx_word' id='word_1_179' title='bbox 1406 3549 1485 3608; x_wconf 88' lang='lat' dir='ltr'><strong>sunt</strong></span> 
     </span>
     <span class='ocr_line' id='line_1_23' title="bbox 364 3645 1485 3736; baseline -0.007 -14"><span class='ocrx_word' id='word_1_180' title='bbox 364 3655 568 3722; x_wconf 87' lang='lat' dir='ltr'><strong>ammetanee</strong></span> <span class='ocrx_word' id='word_1_181' title='bbox 593 3659 682 3717; x_wconf 89' lang='lat' dir='ltr'><strong>terra</strong></span> <span class='ocrx_word' id='word_1_182' title='bbox 697 3645 879 3736; x_wconf 82' lang='lat' dir='ltr'><strong>szog(?)</strong></span> <span class='ocrx_word' id='word_1_183' title='bbox 906 3657 939 3716; x_wconf 90' lang='lat' dir='ltr'><strong>et</strong></span> <span class='ocrx_word' id='word_1_184' title='bbox 963 3655 1053 3717; x_wconf 86' lang='lat' dir='ltr'><strong>terra</strong></span> <span class='ocrx_word' id='word_1_185' title='bbox 1079 3649 1204 3718; x_wconf 79' lang='lat' dir='ltr'><strong>(theton</strong></span> <span class='ocrx_word' id='word_1_186' title='bbox 1222 3684 1259 3696; x_wconf 89' lang='lat'><em>-</em></span> <span class='ocrx_word' id='word_1_187' title='bbox 1279 3683 1330 3733; x_wconf 89' lang='lat'><strong>-,</strong></span> <span class='ocrx_word' id='word_1_188' title='bbox 1357 3649 1485 3715; x_wconf 90' lang='lat' dir='ltr'><strong>direoto</strong></span> 
     </span>
     <span class='ocr_line' id='line_1_24' title="bbox 365 3757 1484 3845; baseline -0.005 -16"><span class='ocrx_word' id='word_1_189' title='bbox 365 3779 459 3829; x_wconf 88' lang='lat' dir='ltr'><strong>eursu</strong></span> <span class='ocrx_word' id='word_1_190' title='bbox 475 3759 560 3826; x_wconf 89' lang='lat' dir='ltr'><strong>inter</strong></span> <span class='ocrx_word' id='word_1_191' title='bbox 576 3760 666 3845; x_wconf 91' lang='lat' dir='ltr'><strong>ipsas</strong></span> <span class='ocrx_word' id='word_1_192' title='bbox 677 3759 761 3828; x_wconf 89' lang='lat' dir='ltr'><strong>duas</strong></span> <span class='ocrx_word' id='word_1_193' title='bbox 777 3757 942 3845; x_wconf 88' lang='lat' dir='ltr'><strong>prediotas</strong></span> <span class='ocrx_word' id='word_1_194' title='bbox 952 3765 1059 3826; x_wconf 87' lang='lat' dir='ltr'><strong>terrae</strong></span> <span class='ocrx_word' id='word_1_195' title='bbox 1069 3758 1113 3826; x_wconf 90' lang='lat' dir='ltr'><strong>ad</strong></span> <span class='ocrx_word' id='word_1_196' title='bbox 1128 3765 1257 3845; x_wconf 88' lang='lat' dir='ltr'><strong>partem</strong></span> <span class='ocrx_word' id='word_1_197' title='bbox 1267 3757 1484 3844; x_wconf 74' lang='lat' dir='ltr'><strong>orientalem,</strong></span> 
     </span>
     <span class='ocr_line' id='line_1_25' title="bbox 365 3863 1485 3954; baseline -0.007 -17"><span class='ocrx_word' id='word_1_198' title='bbox 365 3877 398 3937; x_wconf 88' lang='lat' dir='ltr'><strong>et</strong></span> <span class='ocrx_word' id='word_1_199' title='bbox 412 3867 505 3937; x_wconf 86' lang='lat' dir='ltr'><strong>radit</strong></span> <span class='ocrx_word' id='word_1_200' title='bbox 521 3887 623 3951; x_wconf 80' lang='lat' dir='ltr'><strong>nsque</strong></span> <span class='ocrx_word' id='word_1_201' title='bbox 632 3866 675 3933; x_wconf 93' lang='lat' dir='ltr'><strong>ad</strong></span> <span class='ocrx_word' id='word_1_202' title='bbox 691 3873 809 3935; x_wconf 89' lang='lat' dir='ltr'><strong>metam</strong></span> <span class='ocrx_word' id='word_1_203' title='bbox 821 3865 954 3954; x_wconf 74' lang='lat' dir='ltr'><strong>kyaoalq</strong></span> <span class='ocrx_word' id='word_1_204' title='bbox 969 3873 1131 3950; x_wconf 87' lang='lat' dir='ltr'><strong>voeatam,</strong></span> <span class='ocrx_word' id='word_1_205' title='bbox 1148 3873 1182 3934; x_wconf 90' lang='lat' dir='ltr'><strong>et</strong></span> <span class='ocrx_word' id='word_1_206' title='bbox 1191 3873 1312 3934; x_wconf 89' lang='lat' dir='ltr'><strong>terram</strong></span> <span class='ocrx_word' id='word_1_207' title='bbox 1327 3863 1485 3953; x_wconf 78' lang='lat' dir='ltr'><strong>Oblyneh</strong></span> 
     </span>
     <span class='ocr_line' id='line_1_26' title="bbox 366 3974 1485 4061; baseline -0.008 -15"><span class='ocrx_word' id='word_1_208' title='bbox 366 3981 595 4061; x_wconf 71' lang='lat' dir='ltr'><strong>nuncupatam,</strong></span> <span class='ocrx_word' id='word_1_209' title='bbox 607 3975 693 4042; x_wconf 88' lang='lat' dir='ltr'><strong>etibi</strong></span> <span class='ocrx_word' id='word_1_210' title='bbox 711 3977 910 4043; x_wconf 85' lang='lat' dir='ltr'><strong>terminatur.</strong></span> <span class='ocrx_word' id='word_1_211' title='bbox 926 3974 1032 4055; x_wconf 81' lang='lat' dir='ltr'><strong>Quam</strong></span> <span class='ocrx_word' id='word_1_212' title='bbox 1047 3977 1153 4045; x_wconf 89' lang='lat' dir='ltr'><strong>eoiam</strong></span> <span class='ocrx_word' id='word_1_213' title='bbox 1168 3983 1287 4044; x_wconf 86' lang='lat' dir='ltr'><strong>terram</strong></span> <span class='ocrx_word' id='word_1_214' title='bbox 1303 3975 1485 4043; x_wconf 87' lang='lat' dir='ltr'><strong>Kortnelns</strong></span> 
     </span>
     <span class='ocr_line' id='line_1_27' title="bbox 366 4081 1486 4170; baseline -0.002 -18"><span class='ocrx_word' id='word_1_215' title='bbox 366 4084 484 4154; x_wconf 78' lang='lat' dir='ltr'><strong>transit</strong></span> <span class='ocrx_word' id='word_1_216' title='bbox 509 4082 642 4167; x_wconf 85' lang='lat' dir='ltr'><strong>quidam</strong></span> <span class='ocrx_word' id='word_1_217' title='bbox 668 4081 785 4151; x_wconf 87' lang='lat' dir='ltr'><strong>fluuius</strong></span> <span class='ocrx_word' id='word_1_218' title='bbox 811 4102 871 4169; x_wconf 88' lang='lat' dir='ltr'><strong>per</strong></span> <span class='ocrx_word' id='word_1_219' title='bbox 895 4082 1036 4151; x_wconf 87' lang='lat' dir='ltr'><strong>medinm</strong></span> <span class='ocrx_word' id='word_1_220' title='bbox 1061 4083 1169 4170; x_wconf 81' lang='lat' dir='ltr'><strong>Pylna</strong></span> <span class='ocrx_word' id='word_1_221' title='bbox 1191 4089 1337 4152; x_wconf 84' lang='lat' dir='ltr'><strong>renatus.</strong></span> <span class='ocrx_word' id='word_1_222' title='bbox 1364 4081 1486 4150; x_wconf 78' lang='lat' dir='ltr'><strong>Comes</strong></span> 
     </span>
     <span class='ocr_line' id='line_1_28' title="bbox 367 4189 1487 4279; baseline -0.005 -17"><span class='ocrx_word' id='word_1_223' title='bbox 367 4195 473 4262; x_wconf 86' lang='lat' dir='ltr'><strong>eoiam</strong></span> <span class='ocrx_word' id='word_1_224' title='bbox 488 4190 612 4259; x_wconf 89' lang='lat' dir='ltr'><strong>deor</strong></span> <span class='ocrx_word' id='word_1_225' title='bbox 636 4191 798 4279; x_wconf 83' lang='lat' dir='ltr'><strong>obligauit</strong></span> <span class='ocrx_word' id='word_1_226' title='bbox 823 4209 860 4258; x_wconf 88' lang='lat' dir='ltr'><strong>se</strong></span> <span class='ocrx_word' id='word_1_227' title='bbox 875 4191 978 4258; x_wconf 90' lang='lat' dir='ltr'><strong>nostri</strong></span> <span class='ocrx_word' id='word_1_228' title='bbox 995 4194 1028 4258; x_wconf 89' lang='lat' dir='ltr'><strong>in</strong></span> <span class='ocrx_word' id='word_1_229' title='bbox 1044 4189 1215 4276; x_wconf 86' lang='lat' dir='ltr'><strong>presenoia</strong></span> <span class='ocrx_word' id='word_1_230' title='bbox 1231 4189 1367 4257; x_wconf 90' lang='lat' dir='ltr'><strong>tirmiter</strong></span> <span class='ocrx_word' id='word_1_231' title='bbox 1383 4197 1419 4256; x_wconf 89' lang='lat' dir='ltr'><strong>et</strong></span> <span class='ocrx_word' id='word_1_232' title='bbox 1436 4197 1487 4260; x_wconf 87' lang='lat' dir='ltr'><strong>at·</strong></span> 
     </span>
     <span class='ocr_line' id='line_1_29' title="bbox 366 4297 1514 4387; baseline -0.003 -19"><span class='ocrx_word' id='word_1_233' title='bbox 366 4309 473 4387; x_wconf 90' lang='lat' dir='ltr'><strong>tente,</strong></span> <span class='ocrx_word' id='word_1_234' title='bbox 499 4300 586 4385; x_wconf 89' lang='lat' dir='ltr'><strong>qnod</strong></span> <span class='ocrx_word' id='word_1_235' title='bbox 612 4301 795 4384; x_wconf 81' lang='lat' dir='ltr'><strong>quicunqne</strong></span> <span class='ocrx_word' id='word_1_236' title='bbox 816 4317 972 4385; x_wconf 78' lang='lat' dir='ltr'><strong>processu</strong></span> <span class='ocrx_word' id='word_1_237' title='bbox 988 4309 1170 4384; x_wconf 87' lang='lat' dir='ltr'><strong>temporum</strong></span> <span class='ocrx_word' id='word_1_238' title='bbox 1190 4299 1298 4386; x_wconf 84' lang='lat' dir='ltr'><strong>ipsum</strong></span> <span class='ocrx_word' id='word_1_239' title='bbox 1322 4297 1488 4368; x_wconf 84' lang='lat' dir='ltr'><strong>Oomitem</strong></span> <span class='ocrx_word' id='word_1_240' title='bbox 1511 4361 1514 4364; x_wconf 19' lang='lat'><strong>⁴</strong></span> 
     </span>
     <span class='ocr_line' id='line_1_30' title="bbox 367 4404 1488 4494; baseline -0.002 -16"><span class='ocrx_word' id='word_1_241' title='bbox 367 4409 509 4478; x_wconf 78' lang='lat' dir='ltr'><strong>Abraam</strong></span> <span class='ocrx_word' id='word_1_242' title='bbox 519 4409 699 4477; x_wconf 83' lang='lat' dir='ltr'><strong>Rufnmvel</strong></span> <span class='ocrx_word' id='word_1_243' title='bbox 715 4428 808 4476; x_wconf 88' lang='lat' dir='ltr'><strong>suam</strong></span> <span class='ocrx_word' id='word_1_244' title='bbox 824 4407 1049 4494; x_wconf 83' lang='lat' dir='ltr'><strong>posteritatem</strong></span> <span class='ocrx_word' id='word_1_245' title='bbox 1059 4408 1190 4476; x_wconf 85' lang='lat' dir='ltr'><strong>raeione</strong></span> <span class='ocrx_word' id='word_1_246' title='bbox 1201 4404 1386 4492; x_wconf 80' lang='lat' dir='ltr'><strong>supradicte</strong></span> <span class='ocrx_word' id='word_1_247' title='bbox 1396 4416 1488 4476; x_wconf 86' lang='lat' dir='ltr'><strong>terre</strong></span> 
     </span>
     <span class='ocr_line' id='line_1_31' title="bbox 368 4515 1489 4606; baseline -0.004 -18"><span class='ocrx_word' id='word_1_248' title='bbox 368 4521 523 4606; x_wconf 90' lang='lat' dir='ltr'><strong>impetere</strong></span> <span class='ocrx_word' id='word_1_249' title='bbox 533 4519 634 4587; x_wconf 85' lang='lat' dir='ltr'><strong>veiint</strong></span> <span class='ocrx_word' id='word_1_250' title='bbox 648 4521 702 4586; x_wconf 89' lang='lat' dir='ltr'><strong>uel</strong></span> <span class='ocrx_word' id='word_1_251' title='bbox 718 4519 893 4585; x_wconf 85' lang='lat' dir='ltr'><strong>molestare</strong></span> <span class='ocrx_word' id='word_1_252' title='bbox 908 4521 1131 4603; x_wconf 86' lang='lat' dir='ltr'><strong>attemptaret,</strong></span> <span class='ocrx_word' id='word_1_253' title='bbox 1147 4515 1316 4601; x_wconf 87' lang='lat' dir='ltr'><strong>expediret</strong></span> <span class='ocrx_word' id='word_1_254' title='bbox 1330 4517 1401 4584; x_wconf 87' lang='lat' dir='ltr'><strong>suia</strong></span> <span class='ocrx_word' id='word_1_255' title='bbox 1413 4537 1489 4603; x_wconf 92' lang='lat' dir='ltr'><strong>pro·</strong></span> 
     </span>
     <span class='ocr_line' id='line_1_32' title="bbox 369 4625 1489 4716; baseline -0.005 -20"><span class='ocrx_word' id='word_1_256' title='bbox 369 4629 451 4716; x_wconf 88' lang='lat' dir='ltr'><strong>prijs</strong></span> <span class='ocrx_word' id='word_1_257' title='bbox 468 4625 635 4698; x_wconf 88' lang='lat' dir='ltr'><strong>laboribus</strong></span> <span class='ocrx_word' id='word_1_258' title='bbox 660 4635 693 4694; x_wconf 86' lang='lat' dir='ltr'><strong>et</strong></span> <span class='ocrx_word' id='word_1_259' title='bbox 710 4627 873 4712; x_wconf 87' lang='lat' dir='ltr'><strong>expensis.</strong></span> <span class='ocrx_word' id='word_1_260' title='bbox 900 4625 938 4695; x_wconf 90' lang='lat' dir='ltr'><strong>In</strong></span> <span class='ocrx_word' id='word_1_261' title='bbox 954 4625 1047 4695; x_wconf 87' lang='lat' dir='ltr'><strong>euius</strong></span> <span class='ocrx_word' id='word_1_262' title='bbox 1074 4627 1123 4694; x_wconf 90' lang='lat' dir='ltr'><strong>rei</strong></span> <span class='ocrx_word' id='word_1_263' title='bbox 1140 4625 1326 4695; x_wconf 88' lang='lat' dir='ltr'><strong>memoriam</strong></span> <span class='ocrx_word' id='word_1_264' title='bbox 1352 4633 1489 4694; x_wconf 81' lang='lat' dir='ltr'><strong>nostras</strong></span> 
     </span>
    </p>
   </div>
   <div class='ocr_carea' id='block_1_4' title="bbox 0 0 1568 5168">
    <p class='ocr_par' dir='ltr' id='par_1_4' title="bbox 0 0 1568 5168">
     <span class='ocr_line' id='line_1_33' title="bbox 0 0 1568 5168; baseline 0 0"><span class='ocrx_word' id='word_1_265' title='bbox 0 0 1568 5168; x_wconf 95' lang='lat' dir='ltr'><strong> </strong></span> 
     </span>
    </p>
   </div>
  </div>
 </body>
</html>
