3144 5180
650 319 771 421 “r—1„

130 537 193 585 sua
209 517 244 583 in
260 517 405 600 Ungarie
430 517 579 602 partibus
604 516 826 584 contrahenda
835 566 844 600 ‚
861 519 914 586 vel
938 516 1090 584 babendo
1107 515 1184 584 inde
1199 536 1248 583 re-

129 644 228 692 cessu
238 673 248 706 ‚
273 625 447 710 diligenter
474 624 625 692 conferas
652 645 724 692 eum
739 626 876 707 eadem,
900 624 995 694 nobis
1006 675 1015 709 ‚
1032 625 1119 708 qnod
1135 627 1168 690 iu
1183 623 1248 692 hac

130 738 228 820 parte
244 733 420 814 inveneris,
439 735 632 816 quantocius
643 736 865 820 rescripturus.
883 735 1004 800 Datum
1016 732 1104 818 apud
1114 731 1250 798 Urbem·

130 843 285 910 Veterem
303 843 340 908 V.
358 840 434 910 Idus
450 842 663 928 Septembris,
688 841 900 910 Pontificatue
915 842 1020 910 nostri
1037 861 1124 912 anno
1140 841 1248 908 tertio.

238 969 277 1036 lu
294 987 322 1034 e.
348 992 390 1036 m.
416 969 598 1037 venerabili
622 968 715 1035 fratri
731 1015 738 1032 .
755 1020 763 1036 .
781 1017 788 1032 .
805 969 1062 1054 Archiepiscopo
1088 967 1249 1052 Strigoni·

129 1077 212 1145 ensi.
228 1077 341 1161 Nuper
357 1075 400 1144 ad
415 1085 563 1148 nostrum
576 1079 725 1164 pervenit
741 1078 900 1162 auditum,
919 1078 1005 1162 quod
1016 1078 1198 1164 quondam.
1216 1125 1224 1142 .
1242 1126 1249 1142 .

129 1189 203 1254 Rex
219 1185 367 1272 ngarie
381 1186 425 1254 de
449 1189 556 1256 medio
582 1195 634 1256 est
655 1188 816 1256 sublatus
841 1189 910 1256 Nos
926 1195 1036 1256 autem
1060 1188 1106 1254 ad
1121 1185 1250 1256 carissi-

129 1317 219 1362 mam
237 1295 270 1363 in
288 1295 422 1364 Christo
430 1297 531 1366 filiam
543 1304 687 1366 nostram
704 1299 741 1364 lt.
750 1297 910 1384 Reginam
921 1294 1069 1383 ngarie
1084 1296 1250 1364 illustrem
1329 1304 1332 1308 ’

128 1411 194 1470 etc.
212 1411 247 1472 ut
264 1423 365 1491 supra
380 1422 484 1488 usque
504 1405 548 1472 ad
568 1405 675 1474 finem.

238 1616 301 1690 (lv.
314 1617 420 1676 ldilrlds
430 1617 507 1694 pdpa
516 1617 715 1694 Regestdibdl,
727 1619 856 1677 Theiner
868 1619 906 1675 id.
919 1637 955 1676 m.
964 1615 985 1672 Ι.
995 1618 1024 1674 lc.
1034 1617 1096 1676 368.
1109 1618 1146 1693 l.)

565 1919 605 1930 ...-
616 1919 822 1933 .„--.....‚..-..,

679 2492 711 2558 7.

128 2689 189 2752 IV.
217 2687 337 2754 Micia
367 2693 459 2776 pcipe
482 2639 662 2756 licaveacto
687 2689 833 2775 capacior·
854 2689 1037 2777 pitopir'knale
1061 2689 1256 2779 mepicppjc,

126 2796 210 2884 bopy
234 2795 391 2884 ciaepciljo
415 2819 491 2884 moy,
515 2799 557 2862 lca
580 2801 677 2884 cojon
700 2797 760 2862 IV.
784 2796 900 2862 Lorzto
920 2819 1053 2883 mappar-
1075 2798 1182 2884 leiadly
1201 2799 1255 2862 bo-

227 2904 295 2970 lota
319 2905 424 2991 idejda
449 2927 471 2968 a
492 2905 659 2974 auctorita
682 2905 798 2992 oppida
820 2904 891 2970 biae
913 2905 1029 2984 voit-e?
1051 2907 1149 2970 1290.

251 3119 408 3189 Nicotaus
437 3119 624 3208 Episcopus
649 3141 766 3190 seruus
791 3139 957 3190 seruorum
982 3122 1045 3192 Dei
1070 3123 1252 3200 venerabili

122 3231 222 3300 tratri
240 3230 277 3294 B.
294 3229 460 3316 Episcopo
476 3233 673 3316 Eugubino,
689 3232 882 3318 Apostolice
910 3231 1008 3308 Sedis
1023 3233 1150 3320 Legata
1167 3231 1252 3300 salu-

121 3349 191 3406 tem
212 3343 246 3405 et
262 3337 489 3424 apostotorum
506 3341 776 3410 benedictionem.
794 3339 924 3408 Dudum
944 3338 1121 3422 fidedignis
1138 3342 1249 3408 relati-

121 3450 187 3516 bus
202 3447 249 3516 ad
264 3447 459 3533 Apostoliee
475 3449 573 3518 Sedis
592 3449 757 3538 perducto
778 3449 956 3533 noticiam,
981 3448 1069 3532 quod
1090 3447 1251 3530 quondam

122 3611 129 3624 .
150 3607 159 3620 .
179 3606 186 3619 .
204 3557 275 3622 Rex
292 3553 450 3643 Ungarie,
466 3579 577 3645 nuper,
594 3565 630 3626 ot
646 3557 773 3639 dicitur,
799 3559 948 3624 sublatus
963 3556 1005 3624 de
1022 3557 1138 3639 medio,
1158 3577 1252 3628 vesa-

122 3664 179 3734 uis
197 3663 365 3732 adherens
382 3667 543 3753 consiliis,
561 3676 594 3736 et
610 3689 630 3734 a
646 3665 818 3738 Oatboliee
827 3664 904 3734 fidei
920 3671 1011 3732 recta
1027 3668 1144 3733 semita
1159 3688 1250 3754 gres·

122 3775 220 3844 sibus
236 3774 379 3842 ruinosis
397 3776 587 3846 exorbitans
603 3781 636 3844 et
650 3779 683 3846 in
700 3775 830 3842 devium
857 3774 1006 3861 dilapsus
1026 3777 1145 3844 erroris
1155 3827 1164 3863 ,
1191 3798 1250 3846 sue

120 3885 247 3952 salutis
272 3883 541 3959 consideratione
559 3883 765 3972 postposita,
801 3901 838 3949 se
861 3883 895 3948 in
920 3882 1040 3952 Divine
1064 3885 1249 3956 Maiestatis

118 3999 348 4078 contemptum
366 3999 402 4060 et
413 3995 512 4060 totius
530 3991 788 4062 Christianitatis
811 3992 1027 4078 opprobrium
1043 4011 1117 4062 cum
1132 3991 1248 4062 Tarta·

116 4103 178 4183 ris‚
190 4100 398 4186 Saracenis,
414 4101 589 4188 Naugeriis
601 4107 632 4168 et
643 4100 785 4188 paganis
795 4102 1056 4174 conversationis
1068 4103 1248 4190 dampnate

117 4208 321 4277 commercio
337 4211 641 4279 confederationem
658 4213 799 4279 duxerat
814 4211 1002 4295 ineundam,
1023 4213 1187 4300 nepharia
1203 4213 1248 4279 ai-

114 4318 222 4386 vendi
240 4319 436 4404 specialiter
451 4339 523 4385 cum
541 4317 664 4387 eisdem
680 4319 854 4404 blangeriis
871 4339 988 4388 norma
1003 4326 1155 4406 sumpta,
1171 4319 1244 4388 red·

115 4425 233 4494 dendo
249 4449 286 4494 se
302 4427 441 4512 proinde
456 4429 654 4513 redemptori
672 4427 813 4494 omnium
830 4435 862 4494 et
882 4426 1067 4496 hominibus
1083 4429 1240 4514 odiosum,

113 4535 229 4604 ielicis
262 4535 502 4604 recordatiouis
529 4537 694 4604 Honorius
727 4537 820 4623 Papa
846 4545 1001 4624 quartus,
1026 4537 1246 4624 predecessor

113 4649 244 4728 noster,
260 4641 426 4731 prefatum
441 4645 564 4730 Regem
582 4645 626 4712 ad
642 4647 706 4714 vite
722 4644 901 4714 laudabilis
924 4649 1034 4716 studia
1049 4655 1084 4715 et
1100 4647 1242 4722 salubris
