3094 5168
813 251 966 352 „2²34-

329 453 422 537 gintu
439 469 568 520 merces
595 469 655 536 pro
682 457 785 520 morte
812 449 930 536 prefati
955 445 1120 516 Dominici
1145 443 1258 513 fratris
1283 444 1356 531 sui,
1373 463 1453 529 quas

329 561 458 646 quidem
474 559 652 644 sexaginta
675 577 806 626 merces
832 557 932 643 ijdem
954 559 1088 638 Petrus,
1118 559 1151 622 et
1166 554 1266 621 Petus
1285 555 1453 622 noluerunt

327 665 475 754 plenarie
489 667 614 736 Ksrulo
630 666 819 754 supradicto
837 685 947 733 coram
971 663 1067 734 nobis
1082 663 1303 747 personaliter
1319 683 1452 748 compe·

327 775 431 861 renti;
448 783 481 844 et
496 777 545 842 sic
560 775 644 844 idem
661 777 815 860 Karnine,
833 781 900 840 tem
916 774 959 842 de
975 792 1012 840 se
1028 772 1100 858 ipso
1127 777 1160 840 ct
1176 772 1243 838 filio
1260 791 1331 856 suo,
1357 793 1452 859 qnam

328 883 371 952 cb
388 885 540 951 omnibus
557 887 706 970 cognatis
719 892 751 951 et
767 882 883 950 amicis
901 882 968 950 suis
985 880 1026 948 de
1043 887 1147 948 morte
1162 879 1330 948 Dominici
1346 881 1452 949 fratris
1528 869 1529 872 ¹

327 992 378 1060 sui
402 989 536 1062 eosdem
551 995 686 1062 Petrum
708 997 741 1059 et
756 993 865 1075 Petne,
886 995 1064 1076 cognatos,
1082 989 1207 1056 amicos
1225 996 1259 1056 et
1271 989 1450 1057 seruientes

329 1118 441 1170 eorum
450 1101 631 1188 uniuersos,
642 1097 789 1167 reddidit
805 1098 936 1186 penitus
953 1095 1136 1180 expeditos.
1151 1093 1352 1182 Obligendo,
1369 1097 1451 1180 qnod

330 1208 373 1276 de
390 1216 519 1294 cetero,
547 1227 609 1276 nec
624 1210 698 1293 ipse
714 1208 859 1276 Kerulns
887 1213 944 1273 sut
966 1205 1052 1272 tilius
1069 1205 1160 1292 eins,
1178 1225 1237 1272 nec
1254 1205 1450 1290 cognationi

331 1316 465 1385 racione
480 1314 627 1402 predicte
645 1315 759 1384 mortis
776 1321 889 1382 contra
906 1317 1039 1382 Petrum
1056 1319 1091 1381 et
1108 1315 1221 1397 Petus,
1237 1321 1294 1382 sut
1310 1315 1451 1401 ipsorum

330 1424 542 1511 porteritetes
568 1425 635 1492 ullo
661 1443 804 1511 unquam
828 1427 979 1510 tempore
995 1441 1129 1492 mouere
1144 1429 1297 1506 poterunt
1317 1426 1450 1510 questio·

332 1551 425 1620 nem3
443 1533 473 1600 si
489 1531 560 1616 quis
576 1551 655 1600 uero
674 1549 805 1600 mouere
830 1531 1036 1614 questionem
1061 1529 1220 1616 uoluerit,
1238 1537 1370 1598 tenetur
1384 1529 1450 1617 ipse

332 1639 476 1707 Karnine
497 1658 570 1708 cum
580 1638 646 1710 filio
663 1658 733 1723 sno,
744 1637 905 1724 cognatis,
923 1646 957 1704 et
972 1637 1089 1706 emicis
1105 1638 1172 1706 suis
1181 1637 1354 1715 uniuersis,
1368 1641 1451 1727 ipsos

331 1751 464 1820 Petrum
478 1754 511 1817 et
522 1749 623 1828 Pctus
638 1747 793 1832 expedire
808 1744 951 1834 proprijs
968 1747 1038 1814 suis
1053 1745 1224 1814 laboribus
1240 1753 1274 1816 et
1290 1747 1451 1837 expensis.
1519 1791 1520 1794 =

332 1855 408 1943 Hijs
425 1857 470 1922 ite
483 1855 585 1924 finitis
610 1863 709 1942 etque
733 1857 898 1944 peractis,
924 1873 1035 1924 omnes
1054 1855 1286 1942 possessiones
1310 1857 1450 1941 ipsorum

332 1963 425 2034 Petri
440 1969 474 2030 et
489 1965 610 2050 Petne,
637 1983 710 2030 cum
726 1963 930 2048 molendino,
949 1969 982 2031 et
998 1963 1148 2030 omnibus
1163 1963 1359 2033 utilitatibus
1378 1967 1452 2051 suis,

334 2073 421 2140 idem
431 2071 577 2141 Karalus
594 2073 741 2143 reddidit
753 2080 786 2140 et
796 2073 941 2142 restituit
951 2072 1070 2140 iisdem
1085 2094 1127 2141 ex
1138 2073 1277 2159 integro,
1293 2075 1452 2161 Vorelrne,

333 2190 367 2251 et
381 2182 443 2249 Nir
458 2192 616 2271 vocatam
642 2182 865 2268 aduertendo,
882 2182 969 2270 quod
985 2186 1057 2270 ipse
1076 2183 1194 2253 comes
1209 2185 1357 2254 Karulns
1374 2185 1452 2253 litto·

334 2307 400 2373 ras,
417 2309 499 2375 quas
515 2291 631 2360 hebuit
645 2311 744 2376 super
762 2291 933 2380 premissis
950 2292 1098 2360 articulis
1114 2301 1298 2376 emanatus,
1315 2293 1453 2361 restituit

335 2397 461 2466 eisdem
484 2401 581 2468 Petro
607 2405 640 2466 et
672 2401 791 2489 Petus3
818 2407 852 2468 et
879 2400 1012 2486 insuper
1039 2402 1181 2484 prestitit
1205 2409 1452 2484 sacramentum,

337 2507 425 2593 qnod
437 2525 503 2574 non
519 2507 656 2576 heberet
672 2509 797 2576 litteras
809 2510 952 2594 Regulos
972 2527 1073 2595 super
1089 2509 1312 2595 occupecione
1328 2527 1451 2596 posses·

333 2614 463 2683 sionum
494 2617 690 2700 eorundem,
720 2637 781 2685 nec
807 2616 934 2684 litteras
962 2617 1106 2705 Capituli
1118 2667 1129 2704 ,
1157 2637 1219 2687 nec
1242 2619 1454 2700 Palatinulcs,

336 2744 398 2792 nec
418 2722 616 2810 judiciales,
642 2744 705 2795 nec
730 2725 911 2812 Gemitum3
937 2733 970 2792 et
994 2726 1098 2796 eciem
1124 2726 1154 2794 si
1178 2727 1311 2812 sliquos
1333 2727 1454 2795 littores

335 2832 519 2900 reinuenire
543 2842 674 2921 posset,
699 2835 854 2904 redderet
878 2833 1020 2921 eisdcm3
1047 2836 1075 2905 si
1101 2855 1180 2904 uero
1196 2837 1379 2904 reinueniro
1395 2855 1455 2902 non
1528 2825 1529 2842 ¹

336 2948 460 3025 posset,
486 2961 600 3009 omnes
624 2939 680 3011 ille
696 2943 805 3012 littere
822 2945 863 3011 de
878 2953 987 3012 cetero
1003 2951 1112 3012 essent
1127 2945 1252 3028 inanes,
1274 2953 1309 3012 et
1331 2944 1456 3030 penitus

339 3047 465 3116 uiribus
487 3057 647 3138 veonete3
665 3057 697 3118 et
720 3051 910 3140 specialiter
931 3059 964 3118 et
987 3052 1176 3120 nominatim
1202 3053 1390 3120 molendino
1405 3069 1455 3118 eo·
1528 3073 1529 3090 ¹

337 3155 472 3224 rundem
481 3159 569 3226 Petri
580 3161 721 3229 etPetus
733 3179 831 3244 super
841 3179 961 3246 aquam
971 3161 1040 3240 Nir,
1053 3157 1139 3244 quod
1154 3159 1264 3246 ipsum
1275 3156 1322 3248 (l)
1338 3157 1457 3228 eisdem

338 3261 426 3332 idem
444 3263 561 3333 Comes
578 3267 722 3336 Kerulus
739 3269 880 3334 restituit
897 3270 995 3354 pleno
1012 3267 1090 3336 iure.
1110 3271 1148 3336 Iu
1166 3269 1258 3337 cuius
1275 3270 1324 3336 rei
1340 3285 1459 3336 merno-

336 3373 418 3439 rinm
436 3379 607 3458 presentes
618 3383 748 3444 nostres
765 3379 987 3446 concessimus
1003 3377 1143 3460 litteras,
1154 3375 1254 3462 sigilli
1271 3375 1377 3442 nostri
1394 3394 1458 3442 mn·
1528 3365 1529 3372 '

338 3479 459 3549 nimine
476 3481 667 3564 roboratus,
685 3504 773 3554 enno
789 3484 923 3554 Domini
940 3487 981 3554 n.
1000 3486 1063 3556 00.
1086 3484 1302 3568 nonogesimo
1319 3502 1416 3552 nono.

338 3671 472 3746 (Hdrtyn.
486 3673 513 3730 A
526 3673 591 3750 meg
604 3676 639 3750 dp
650 3676 749 3750 penset
771 3679 851 3736 ichdr
864 3681 1001 3750 usincgen
1013 3677 1092 3754 tilgg.
1115 3677 1408 3752 Pozsonykdptnlnni
1422 3695 1461 3732 or·

476 3763 581 3838 endgos
595 3769 725 3826 loudltdr.
741 3769 839 3844 Ospse
852 3771 928 3829 XlV.
943 3771 1027 3828 Fece.
1041 3771 1083 3828 20.
1098 3771 1157 3826 Nro
1180 3769 1205 3825 4.
1219 3771 1335 3833 Krane.)

768 4067 872 4076 ..ιι--..α
884 4067 907 4074 .·
920 4069 938 4074 ..-
966 4067 1027 4075 ,n--n-
