3094 5168
898 1021 973 1093 143.

336 1322 339 1330 Ι
371 1225 464 1292 Peter
480 1223 601 1310 erdeipi
610 1225 736 1314 prepete
751 1227 784 1290 e'a
799 1224 908 1288 Lozor
923 1221 1181 1288 ieoioemonostori
1199 1223 1277 1306 apcit
1292 1221 1374 1285 tosti
1388 1219 1480 1284 birtoit

820 1351 914 1400 eaere.
942 1332 1041 1399 1299.

476 1531 515 1596 In
539 1548 647 1597 rerum
672 1529 985 1600 Eeoiesiastioarum
1010 1526 1169 1615 agendis,
1200 1545 1332 1614 semper
1355 1526 1480 1594 meliora

370 1639 616 1727 prospiciuntur
632 1644 665 1705 et
680 1640 810 1707 utiliora
827 1639 1060 1722 attenduntur,
1077 1634 1121 1705 ad
1137 1635 1220 1723 hoe,
1248 1641 1285 1701 vt
1299 1634 1363 1704 Dei
1379 1635 1481 1702 iripole-

369 1750 422 1814 sia
438 1747 471 1814 iu
482 1765 539 1813 suo
557 1752 646 1814 statu
657 1752 728 1814 tuta
743 1753 948 1832 permaneat,
968 1752 1003 1815 et
1015 1747 1049 1814 in
1064 1744 1133 1813 suis
1145 1746 1239 1813 bonis
1249 1741 1293 1810 sit
1305 1743 1480 1828 tranquilla

370 1855 435 1923 Pro
451 1874 502 1942 eo,
518 1873 581 1923 nos
598 1855 715 1922 Petrus
733 1853 794 1922 Dei
813 1855 927 1937 gracia
939 1853 1125 1940 Episcopus
1140 1851 1391 1921 'rranssilvanio
1405 1869 1481 1919 oom-

370 1962 500 2032 morium
518 1967 550 2029 et
575 1961 752 2029 utilitatem
779 1963 882 2028 nostri
908 1962 1148 2046 Episcopatus,
1175 1961 1286 2029 studio
1313 1955 1481 2029 sollareiori

369 2068 590 2154 attendentes,
606 2078 642 2137 nt
657 2069 769 2159 popuii
786 2071 1007 2157 Episcopatus
1023 2069 1130 2136 nostri
1145 2066 1186 2134 rie
1202 2067 1358 2149 Klnsuar,
1375 2067 1413 2132 de
1427 2067 1481 2137 Fe·
1528 2147 1529 2160 χ

371 2197 432 2246 nes
442 2227 451 2261 ,
470 2185 502 2246 et
517 2177 658 2246 aliarum
674 2179 828 2246 villarum
844 2183 1029 2248 nostrarum
1047 2176 1354 2245 oirnumiaoenoium
1364 2225 1373 2258 ,
1398 2194 1478 2241 eom·
1528 2189 1529 2210 ³

371 2284 499 2350 modius
516 2291 549 2353 et
574 2285 722 2368 qnieeius
748 2287 796 2356 uti
812 2287 965 2370 ualeant,
991 2286 1127 2354 liberius
1144 2303 1184 2354 ae
1202 2285 1347 2371 largius,
1372 2281 1478 2351 inanis

370 2391 577 2460 bonis'nobis
602 2393 727 2461 seruire
743 2395 891 2480 possint,
918 2402 1054 2483 propter
1069 2394 1133 2461 hoe
1158 2393 1310 2478 diligenti
1334 2391 1479 2460 delibera·

371 2501 466 2568 sione
481 2502 641 2587 premissa
658 2521 729 2569 oum
747 2503 817 2571 viro
833 2504 988 2586 religioso
1004 2503 1109 2571 fratre
1125 2503 1260 2586 Lazaro,
1280 2501 1409 2568 Abbate
1422 2499 1479 2565 ilo·

371 2609 507 2695 uastarij
534 2607 773 2695 gloriosissime
800 2611 945 2696 Virginis
962 2611 1067 2679 Maria
1091 2609 1134 2676 de
1161 2607 1264 2697 Klur,
1292 2613 1478 2677 eontraotnur

370 2718 626 2804 permutacionis
643 2715 684 2786 de
701 2717 898 2802 quibusdam
923 2720 1018 2786 terris
1035 2720 1145 2788 Leske
1168 2725 1203 2786 et
1219 2715 1422 2806 Snontgyurg
1435 2736 1479 2782 uo

371 2828 455 2896 eatis
472 2827 557 2895 inter
571 2827 803 2913 possessiones
815 2837 944 2898 nostras
961 2827 1146 2895 iacentibus
1157 2827 1311 2895 duximus
1328 2827 1478 2894 eelebren-

372 2933 467 3022 dnm,
494 2936 529 3002 in
545 2955 681 3019 quarum
697 2943 858 3003 terrarum
885 2935 1112 3004 concambium
1136 2937 1298 3021 quasdam
1323 2937 1477 3004 viliasno-

371 3051 458 3111 stras
475 3041 614 3110 Nadasd
630 3048 663 3109 et
678 3045 927 3130 Bugarthelnke
944 3049 1092 3128 voeatas,
1116 3043 1205 3112 viliis
1221 3051 1256 3112 et
1270 3043 1368 3111 terris
1382 3061 1479 3108 mona·

371 3152 462 3238 sterij
482 3150 621 3236 predicti
638 3161 893 3236 commetaneas,
911 3153 954 3219 ab
974 3153 1051 3239 aiiJs
1067 3152 1165 3220 terris
1175 3152 1297 3221 nostris
1314 3159 1348 3219 et
1363 3168 1479 3238 posses·

370 3259 527 3334 sionibus,
545 3261 644 3327 eertis
661 3261 758 3327 metis
776 3269 808 3328 et
825 3261 974 3327 terminis
987 3269 1162 3350 separatas
1179 3267 1211 3329 et
1227 3261 1410 3342 distinctas,
1425 3257 1479 3327 tt-

370 3366 440 3432 bnti
458 3371 491 3434 et
506 3387 566 3454 per
583 3385 655 3434 eum
674 3369 876 3438 monasterio
893 3369 1062 3456 predicto,
1089 3369 1206 3438 damus
1223 3375 1257 3435 et
1272 3369 1479 3457 assignamur,

372 3495 413 3542 ao
428 3493 488 3560 per
504 3482 629 3545 sartam
646 3483 852 3564 presentem,
869 3476 977 3560 ipsum
995 3476 1129 3544 tratrem
1147 3475 1319 3563 Lazarum,
1337 3485 1479 3560 tanquam

371 3583 530 3648 Abbatem
547 3591 580 3650 et
605 3583 786 3668 legitimum
813 3584 959 3652 eiusdem
976 3585 1166 3674 monastarij
1188 3585 1480 3656 Administratorem

370 3709 482 3756 verum
500 3690 667 3759 dominum
685 3701 718 3760 et
742 3693 921 3778 legitimum
939 3694 1167 3763 constituimus
1191 3713 1417 3779 possessorem
1437 3710 1480 3759 ea·

370 3797 516 3864 rundem.
534 3798 759 3866 Promittendo
773 3799 891 3882 eidem,
909 3809 944 3871 ut
954 3801 983 3869 si
999 3799 1064 3869 ullo
1075 3821 1219 3887 unquam
1235 3809 1387 3888 tempore
1406 3801 1480 3869 idem

372 3905 526 3975 dominus
542 3907 657 3974 Abbas
673 3909 728 3976 uel
745 3908 815 3976 eins
832 3926 1062 3992 suooessores,
1077 3910 1112 3974 in
1128 3909 1224 3977 terris
1240 3929 1302 3995 per
1318 3929 1381 3978 nos
1397 3908 1480 3992 datis,

370 4010 405 4078 in
424 4017 492 4078 toto
510 4013 733 4099 inpeterentnr
759 4017 813 4082 uel
829 4017 862 4082 in
877 4022 992 4101 parte,
1019 4037 1080 4085 nos
1097 4025 1130 4085 et
1154 4017 1259 4085 nostri
1284 4035 1481 4087 successoros

370 4119 550 4188 tenebimur
565 4143 695 4207 semper
721 4124 828 4208 ipsum
846 4124 1011 4194 dominum
1028 4125 1193 4194 Abbatem
1209 4132 1242 4194 st
1257 4125 1480 4194 Monasterionr

370 4227 404 4293 in
420 4227 634 4314 possessione
651 4231 763 4314 quieta
778 4251 989 4321 conseruare,
1007 4240 1040 4301 et
1056 4234 1084 4302 si
1100 4235 1163 4303 hoo
1178 4233 1292 4302 isoere
1308 4253 1375 4301 non
1390 4241 1480 4304 atton

371 4335 520 4405 deremus
535 4356 597 4405 nee
613 4358 796 4428 possemus,
813 4349 890 4408 tuno
903 4345 989 4411 terre
1004 4343 1291 4411 memoratenobis
1301 4344 1335 4409 in
1345 4363 1479 4412 tonsam·

371 4444 458 4509 bium
475 4444 667 4532 assignate,
694 4447 739 4516 ad
755 4449 805 4517 ius
821 4453 856 4516 et
871 4450 1108 4536 proprietatem
1126 4451 1322 4536 Monasterij
1347 4452 1418 4520 sine
1431 4450 1481 4518 nli·

371 4550 485 4637 aliqua
500 4552 638 4621 redeant
648 4556 828 4638 questione.
840 4559 1063 4626 Promittimns
1074 4561 1216 4646 insuper,
1234 4565 1271 4625 ut
1282 4560 1481 4628 Abbasnnno

372 4657 518 4727 existens
535 4667 570 4727 et
586 4662 685 4729 futuri
701 4663 863 4752 Asbotos,
879 4667 908 4734 si
925 4666 1058 4752 quando
1075 4667 1252 4754 soluerint,
1270 4673 1304 4736 et
1320 4668 1416 4756 lignis
1429 4686 1481 4755 pro
