3094 5168
846 315 993 416 goa

359 535 469 584 sarum
478 515 691 584 festivitatum
702 513 888 581 immediate
904 519 1089 599 sequentes,
1102 533 1161 580 nec
1174 533 1236 580 non
1253 513 1287 577 in
1299 511 1467 578 Beatorum

359 622 528 692 Michaelis
543 621 763 707 Archangeli,
789 621 956 707 Laurentij
975 627 1008 687 et
1024 621 1112 686 Petri
1128 619 1170 686 dc
1186 619 1301 686 ordine
1317 620 1467 687 Predica-

359 741 463 802 torum
483 740 669 817 martyrum,
685 730 816 800 Nicolai
834 737 867 797 et
886 731 1018 800 Martini
1034 730 1268 817 confessorum,
1279 733 1468 815 Margarctc,

360 842 531 928 datorine,
557 849 590 909 et
613 841 716 909 Marie
741 841 958 927 Magdalene,
975 839 1221 924 festivitatibus,
1245 847 1279 907 et
1294 841 1327 908 in
1344 839 1467 908 dedica·

359 951 448 1018 tione
459 949 607 1017 Ecclesia
616 949 803 1034 supradicte
821 967 922 1016 causa
934 947 1119 1016 devotionis
1137 956 1169 1014 et
1185 948 1343 1015 orationis
1359 967 1465 1016 acces·

360 1058 471 1138 serint,
488 1065 520 1126 et
536 1058 658 1126 ibidem
682 1056 815 1126 missam
835 1056 1009 1142 audierint,
1026 1057 1079 1123 vel
1095 1076 1154 1139 pro
1170 1075 1254 1140 pace
1271 1057 1468 1126 Universalis

360 1166 505 1234 Ecclesia
532 1169 697 1235 oraverint
723 1173 829 1233 mente
846 1165 912 1250 pia,
930 1173 986 1232 aut
1002 1186 1060 1251 pro
1082 1165 1353 1251 reparationibus,
1371 1185 1468 1234 emen·

360 1275 557 1360 dationibus,
584 1277 763 1356 structuris,
792 1275 1015 1361 laminaribus,
1034 1274 1146 1358 calice,
1168 1275 1379 1360 ornamentis,
1395 1283 1467 1342 stru·

360 1383 471 1469 cteris,
497 1381 722 1466 vestimentis,
748 1383 849 1466 libris,
878 1385 1048 1469 campanis
1065 1385 1118 1451 vel
1133 1383 1210 1468 alijs
1227 1383 1466 1466 quibuscunque

359 1491 445 1558 dicte
461 1491 607 1559 Ecclesia
633 1491 831 1578 uecessarijs
857 1511 973 1558 manus
987 1491 1193 1577 porrexerint
1217 1488 1405 1576 adiutrices,
1421 1491 1467 1557 vel

360 1601 417 1684 qui
443 1602 476 1668 in
501 1602 586 1668 bona
613 1601 664 1666 sui
694 1601 839 1686 corporis
865 1601 1030 1685 sanitate,
1055 1619 1113 1668 seo
1138 1599 1238 1666 etiam
1264 1603 1295 1664 in
1322 1599 1466 1666 extremis

360 1710 553 1778 laborantes
579 1709 752 1792 quicquam
773 1708 964 1776 facultatum
980 1727 1112 1774 suarum
1132 1707 1317 1794 legaverint
1333 1705 1425 1774 modo
1438 1704 1467 1769 li-

361 1820 426 1888 cito
442 1819 589 1886 Ecclesia
614 1818 821 1905 supradicte,
848 1819 888 1884 de
914 1818 1153 1904 Omnipotentis
1169 1817 1233 1884 Dei
1252 1813 1466 1884 misericordia

360 1936 394 1994 et
409 1929 583 1996 Beatorum
599 1929 689 1994 Petri
700 1938 732 1994 ct
749 1929 843 1996 Pauli
859 1931 1089 2014 Apostolorum
1106 1927 1176 1992 eius
1193 1926 1390 1994 auctoritate
1401 1944 1465 1992 con·

360 2037 421 2116 fisi,
438 2037 559 2120 singuli
580 2046 725 2104 nostrum
753 2037 900 2122 singulas
918 2037 1041 2104 dierum
1069 2035 1301 2120 quadragenas
1318 2033 1360 2099 de
1375 2034 1465 2102 iniun·

361 2149 421 2214 ctis
432 2146 494 2212 sibi
504 2147 695 2231 penitentijs
706 2145 962 2212 misericorditer
978 2144 1011 2210 in
1026 2147 1168 2213 Domino
1180 2147 1378 2229 relaxamus,
1389 2141 1464 2208 dum

361 2252 456 2321 modo
472 2254 648 2322 Diocesaoi
674 2255 829 2322 uoluntas
845 2253 890 2320 ad
907 2253 940 2319 id
956 2249 1162 2338 accessefrit)
1180 2261 1213 2318 ct
1233 2251 1464 2326 consensuum

361 2361 453 2429 euius
478 2362 525 2428 rei
550 2361 766 2430 testimonium
793 2361 997 2447 presentibus
1023 2368 1138 2427 nostra
1161 2360 1273 2445 sigilla
1297 2353 1463 2442 iussifmus)

359 2472 561 2554 appensione
585 2470 712 2538 muniri.
741 2471 860 2537 Datum
880 2469 981 2537 Rome
997 2467 1049 2534 die
1067 2469 1140 2536 XX.
1158 2467 1279 2534 mensis
1295 2465 1401 2549 Martij
1416 2463 1463 2528 lll.

344 2607 347 2615 r
362 2576 543 2646 ludioticue
553 2577 744 2662 pontificatu
755 2611 798 2626 ··-
815 2613 849 2622 —-
864 2577 1021 2661 Bonifatij
1032 2577 1123 2664 Papa
1133 2579 1241 2644 octavi
1251 2595 1340 2642 anuo
1350 2578 1462 2658 quarto.

361 2770 502 2844 (Teutscb
520 2771 551 2829 ds
572 2771 734 2829 Firnhobsr
756 2771 943 2830 Urlrundcnb.
966 2790 989 2828 a.
1012 2771 1118 2830 Gesch.
1141 2770 1274 2828 Siebeub.
1294 2769 1356 2828 Llr.
1369 2763 1461 2835 acal.)
