3094 5168
847 269 1007 372 Q

364 469 453 534 mets
468 463 581 554 incipit
597 485 638 534 ex
653 467 758 556 plaga
782 465 981 538 ooeidentali
995 471 1031 538 in
1050 489 1115 539 vno
1131 468 1222 556 lyras
1236 471 1355 558 Kapus
1381 473 1482 539 nomi·

364 579 451 661 nato,
467 573 523 640 vbi
548 573 773 644 eonuioinatur
792 578 866 647 oum
882 579 1097 662 possessione
1113 577 1260 648 eiusdem
1278 575 1404 647 domini
1418 579 1480 645 Ab·

364 681 453 750 batis
470 681 596 768 ligeres
612 691 740 762 vonam,
758 683 792 750 in
808 704 874 769 qno
900 683 1032 768 quidem
1048 689 1166 772 Kapus
1181 685 1293 773 Byreh
1310 707 1410 755 unam
1425 707 1486 754 me·

364 797 433 860 tam
449 796 588 859 terream
604 791 800 875 reperiendo
816 791 918 863 aliam
942 813 1062 863 nonam
1082 801 1204 863 metam
1219 813 1323 880 penes
1350 793 1484 862 eandem

364 897 568 984 erexissent;
594 899 716 966 abhino
731 901 944 989 progreditur
962 921 1078 972 versus
1093 902 1230 988 plagam
1246 902 1486 970 meridionalem
1541 943 1542 948 κ

366 1005 597 1077 deseendendo
614 1009 660 1076 ad
682 1010 804 1078 vallem
829 1030 994 1098 magnam,
1011 1013 1068 1080 vbi
1084 1013 1149 1080 duo
1165 1011 1264 1080 riunli
1279 1010 1484 1096 llakobijlse-

364 1115 492 1203 patalra
508 1116 574 1184 alio
591 1117 725 1186 nomine
740 1118 982 1206 Daroehpatak
998 1124 1030 1188 et
1048 1121 1336 1207 Inaktelkparaka
1351 1118 1487 1186 inrioem

365 1227 504 1311 eadunt,
530 1225 592 1318 vbi
611 1227 729 1296 eadem
755 1227 923 1313 possessio
948 1227 1150 1312 Bogartelke
1173 1233 1487 1296 nommetanearetnr

365 1353 438 1402 oum
462 1333 728 1419 possessionibus
759 1335 938 1406 Inaktellre
967 1335 1128 1406 nobilium
1162 1335 1204 1404 de
1228 1335 1423 1414 Wasarbel,
1456 1341 1489 1400 et

366 1441 468 1514 blake
484 1442 734 1531 Episoopalem3
751 1443 872 1514 deinde
886 1463 947 1531 per
962 1463 1093 1512 oursnm
1108 1463 1168 1513 ser
1183 1447 1327 1512 meatum
1345 1440 1488 1510 eiusdem

366 1549 463 1620 rinuli
483 1551 684 1621 transeundo
699 1551 746 1620 ad
763 1553 884 1620 bonum
902 1552 1062 1640 spacium,
1077 1552 1134 1624 rbi
1148 1551 1236 1621 idem
1261 1550 1388 1618 rinulns
1403 1549 1491 1617 ondit

366 1657 411 1727 ad
425 1655 561 1728 flnuinm
583 1657 709 1740 Nalm,
733 1658 855 1728 abinde
872 1681 932 1748 per
948 1661 1055 1748 ipsnm
1081 1657 1214 1728 fluuium
1239 1657 1356 1726 Nadas
1379 1674 1491 1726 sersus

366 1769 500 1855 plagam
524 1767 773 1838 meridionalem
788 1766 953 1839 tendendo
978 1767 1022 1839 ad
1046 1786 1199 1852 magnum
1225 1766 1375 1854 spaeinm
1389 1785 1491 1850 nsque

365 1876 550 1961 Maisolos,
574 1877 631 1946 vbi
647 1879 708 1947 snb
732 1877 874 1962 quodam
900 1885 1011 1946 monte
1027 1895 1147 1962 magno
1163 1893 1271 1963 prope
1297 1881 1426 1960 portum
1438 1874 1491 1960 ip·

366 1985 434 2054 sius
449 1981 540 2071 fluuij
556 1983 682 2071 Nadas,
701 1986 757 2070 qui
772 1985 899 2056 seilieet
924 1984 1092 2055 seinderet
1108 1986 1218 2071 ipsam
1243 1983 1491 2072 possessionem

365 2091 507 2162 Abbatis
524 2099 557 2162 et
583 2093 829 2180 possessionem
853 2097 955 2164 Maso
970 2093 1181 2179 antedictam,
1205 2091 1288 2160 duas
1305 2097 1410 2159 metas
1425 2097 1491 2158 ter·

367 2221 443 2270 reas
453 2251 462 2286 ‚
488 2220 625 2286 quarum
640 2221 707 2272 rna
723 2223 744 2282 a
759 2209 856 2290 parte
879 2201 1017 2274 orientis
1033 2201 1240 2289 possessioni
1263 2198 1353 2287 Tyre
1376 2203 1491 2265 veeste

366 2309 560 2398 Episoopali
576 2317 771 2394 separantes
788 2309 992 2396 erexissent;
1010 2309 1130 2380 deinde
1148 2327 1263 2378 versus
1279 2307 1414 2394 plagam
1430 2303 1491 2372 ori·

366 2417 509 2485 antalam
525 2413 761 2502 progrediendo
782 2415 905 2488 direoto
925 2415 1059 2485 seandit
1073 2416 1118 2484 ad
1133 2417 1238 2502 ipsum
1263 2419 1405 2481 montem
1423 2431 1489 2478 ma·

367 2543 477 2612 gnum,
493 2524 553 2592 snb
570 2545 634 2612 quo
651 2523 819 2592 dietedne
835 2531 920 2593 mete
936 2530 1049 2593 essent
1064 2533 1184 2610 ereote,
1199 2523 1233 2590 in
1248 2521 1341 2590 euius
1366 2519 1492 2589 summi-

366 2637 438 2700 tate
454 2631 488 2702 in
503 2653 569 2702 vno
592 2631 686 2720 dyest
702 2634 785 2702 duas
810 2640 917 2702 metas
942 2639 1071 2702 terreas
1087 2653 1224 2720 quarum
1238 2649 1305 2699 rna
1329 2648 1372 2696 ex
1394 2628 1492 2714 plaga

367 2739 568 2810 ooeidentali
592 2741 659 2811 iam
676 2743 763 2811 dieto
778 2741 985 2829 possessioni
1008 2741 1212 2828 Bogartelke
1226 2737 1331 2825 ipsius
1347 2737 1486 2804 Abbatis

367 2851 486 2921 atalia
503 2869 525 2917 a
540 2851 641 2938 plaga
658 2850 812 2921 orientali
828 2850 959 2936 prefata
981 2849 1189 2938 possessioni
1206 2845 1390 2935 episcopali
1405 2845 1492 2932 ‘l'yre

368 2963 565 3044 separantes
580 2959 782 3042 erexissent3
808 2959 931 3026 abbine
956 2978 1016 3046 per
1032 2957 1171 3028 eandem
1196 2957 1333 3043 plagam
1358 2953 1492 3020 deseen·

368 3067 477 3135 dendo
493 3067 536 3135 de
560 3066 634 3152 ipso
660 3074 770 3135 monte
793 3066 946 3136 saliendo
962 3085 1061 3136 vnam
1077 3065 1166 3134 viam
1181 3082 1338 3148 magnam
1363 3065 1493 3128 euntem

368 3175 411 3243 de
428 3176 500 3260 ipsa
524 3174 737 3261 possessione
763 3173 965 3260 nogartelke
982 3174 1024 3244 ad
1040 3173 1225 3260 predictam
1251 3169 1492 3258 possessionem

370 3283 458 3370 Tyre
474 3300 571 3369 super
594 3302 691 3350 vnum
711 3282 885 3352 rotundum
911 3287 1053 3349 montem
1079 3280 1198 3350 Holnm
1224 3279 1430 3366 appellatum
1455 3275 1495 3342 si-

369 3390 491 3460 militer
516 3389 598 3460 duas
615 3396 733 3477 metas,
759 3407 892 3476 quarum
917 3409 982 3458 vna
1008 3389 1139 3474 prefate
1157 3387 1363 3478 possessioni
1377 3389 1497 3466 Bogar·

367 3499 457 3582 tells,
473 3499 543 3568 alia
566 3516 643 3566 vero
658 3499 865 3585 possessioni
879 3499 968 3584 Tyra
985 3495 1152 3567 antediete
1168 3494 1409 3583 distinguentes
1427 3515 1494 3562 ere·

370 3607 508 3676 xissent.
533 3606 650 3676 Adhuo
667 3606 804 3674 ulterius
820 3623 935 3676 vorsus
956 3605 1093 3692 plagam
1110 3601 1399 3692 septentrionalem
1421 3623 1494 3690 pro-

369 3713 516 3784 nedeudo
532 3716 567 3782 in
582 3733 647 3784 vno
663 3713 758 3801 dyrob
777 3714 900 3782 siluoso
917 3712 1000 3782 duas
1017 3720 1123 3782 metas
1138 3719 1264 3781 terreas
1284 3710 1328 3778 de
1344 3728 1430 3778 nouo
1442 3731 1493 3778 en·

368 3823 551 3893 mutassent
574 3828 770 3908 separantes
787 3823 870 3890 inter
884 3819 1117 3909 possessiones
1142 3823 1353 3906 prenotatam
1369 3815 1492 3885 abbino

368 3933 402 4000 in
419 3930 537 3999 eodem
565 3931 659 4019 tyrol
685 3930 811 4000 siluoso
836 3949 953 4000 versus
977 3931 1112 4017 plagam
1136 3927 1299 4014 aquilonis
1326 3925 1495 4012 progredi·

368 4039 453 4108 endo
475 4039 581 4127 iungit
604 4059 703 4110 unam
730 4045 850 4108 motem
875 4047 1019 4110 terream
1045 4057 1199 4124 magnam
1224 4035 1428 4123 perforatam
1454 4035 1495 4100 de

366 4169 454 4218 nouo
470 4149 639 4234 effossam
656 4148 767 4218 adbnn
776 4167 836 4233 per
847 4147 984 4218 eandem
995 4145 1131 4236 plagam
1147 4144 1353 4214 transeundo
1365 4143 1399 4209 in
1417 4161 1495 4230 quo·

370 4259 447 4328 dam
463 4257 555 4344 syroi
566 4257 687 4326 silueso
703 4257 790 4326 nites
800 4256 965 4344 quandam
976 4256 1065 4324 riam
1081 4253 1212 4321 venitur
1226 4251 1272 4319 ad
1288 4251 1372 4318 duas
1387 4255 1495 4317 metas

367 4365 532 4450 antiquas,
549 4383 687 4452 quarum
705 4383 772 4433 vna
794 4363 1066 4451 possessionibus
1082 4361 1188 4446 ipsius
1197 4357 1351 4443 abbans,
1369 4357 1496 4442 ingeres

368 4482 403 4542 et
420 4472 586 4542 Hontelke
595 4473 799 4558 nuncupatis,
816 4472 886 4540 alia
894 4491 973 4544 uero
984 4469 1190 4558 possessioni
1200 4466 1396 4553 Episeopali
1404 4467 1497 4555 'Pyre

366 4588 563 4670 separantes
579 4583 799 4671 reperissent,
816 4601 919 4668 penes
944 4599 1028 4670 quas
1043 4577 1183 4654 tereiana
1205 4584 1330 4646 molam
1345 4595 1406 4664 pro
1425 4593 1497 4662 pre
