3144 5180
890 269 936 338 40

348 471 458 553 nibus,
477 471 668 558 Comitibus,
686 470 799 557 Baris,
816 467 1002 538 Batonibus
1018 487 1058 535 ae
1068 468 1236 537 universis
1250 467 1369 536 Obriati
1383 464 1460 534 tide·
1532 429 1535 523 ³,

350 582 435 648 libus
449 599 507 666 per
523 581 668 666 Regnum
691 580 836 666 Ungarie
855 577 1048 648 constitutis.
1533 531 1536 627 i

350 777 411 852 pv.
424 776 529 835 muros
542 733 1111 852 pepassagenaibou'rueinomelinm.
1124 775 1146 830 n
1159 776 1219 831 ner.
1232 771 1460 846 snonnprps-
1541 857 1542 860 w

348 869 407 928 uak
420 865 511 926 Jtnos
523 867 692 940 pitrpblrhen
703 865 1154 1027 ”Muzmigtmfyr‘sspolpvfsh“⁶
1164 861 1298 934 Foje'rnel
1308 861 1376 920 eoo
1386 861 1460 935 Dipl.
1541 869 1543 911 i

776 1253 1031 1264 ———.——v·

354 1985 414 2052 IV.
430 1983 547 2050 Miletos
556 1986 649 2070 popa
664 1983 796 2048 Maionia
817 1984 896 2050 Uror
911 1983 1019 2048 latoria
1035 1983 1171 2048 ozmbioa'
1194 1983 1315 2068 kirdlyt
1330 2005 1370 2048 aa
1394 2003 1464 2069 upo-

514 2091 588 2157 atnln‘
603 2093 673 2157 eaelo
688 2091 817 2156 ktilbniia
826 2089 1019 2181 peirtfopciou
1034 2091 1090 2156 ald
1100 2092 1188 2158 oaesi.
1200 2092 1298 2158 1291.

463 2289 618 2358 Nieolaus
643 2290 825 2376 Episcopus
842 2309 955 2358 seruus
972 2309 1141 2358 seruorum
1160 2289 1223 2358 Dei
1251 2289 1422 2358 rarissimo
1436 2289 1465 2353 iu

357 2398 486 2468 Christo
503 2397 570 2465 filio
586 2397 754 2485 Stephano
772 2399 854 2482 Regi
869 2398 982 2466 Servio
998 2396 1122 2464 Illustri
1137 2399 1321 2466 salutemet
1336 2399 1464 2484 Aposto-

356 2508 453 2576 lioam
470 2505 741 2575 benedictionem.
765 2505 895 2585 Quanto
911 2507 1072 2575 devotiori
1098 2507 1205 2574 studio
1222 2507 1465 2574 Saetosanotam

357 2620 536 2685 Romanam
564 2615 747 2682 Euolesiam
773 2618 953 2700 revereris,
978 2621 1099 2698 quanto
1124 2613 1329 2700 propensiori
1355 2611 1465 2681 affeetu

358 2725 528 2810 consurgis
553 2722 597 2790 ad
623 2731 736 2791 nostra
761 2733 794 2792 et
818 2725 921 2810 ipsius
947 2725 1095 2794 Euoleaie
1121 2723 1333 2807 beneplacita
1358 2740 1462 2809 prose·

359 2829 498 2917 quenda,
514 2838 607 2900 tanto
623 2834 711 2898 oiroa
734 2838 823 2898 tuum
841 2841 874 2898 et
892 2833 997 2919 Regni
1022 2832 1071 2898 tui
1094 2838 1215 2899 statum
1231 2851 1423 2918 prosperum
1437 2832 1465 2896 in

358 2946 525 3027 posterum
543 2941 803 3008 conservandum
828 2941 984 3008 libentius
1012 2941 1196 3025 Apostolioi
1213 2941 1361 3026 presidia
1386 2940 1465 3009 lavo-

359 3050 403 3116 ris
420 3048 615 3136 apponimus
640 3050 705 3114 tuis
733 3047 933 3134 providendo
959 3049 1151 3118 utilitatibus
1174 3053 1208 3115 et
1231 3048 1467 3134 indempnitati·

360 3161 421 3227 bus
436 3157 651 3244 preoavendo.
676 3154 719 3222 Ut
735 3158 833 3243 igitur
857 3159 961 3226 nostri
978 3179 1108 3226 manum
1132 3159 1247 3226 auxilii
1272 3168 1329 3226 tna
1345 3154 1466 3226 Sereni·

360 3276 412 3336 tas
428 3267 492 3335 sibi
507 3265 629 3334 sentiat
644 3268 676 3333 in
693 3265 761 3334 suis
790 3267 1063 3353 oportunitatibus
1090 3267 1314 3336 favorabiliter
1339 3267 1465 3335 adiutri-
1544 3261 1545 3328 i

360 3396 449 3454 eom,
474 3394 647 3461 personam
676 3383 766 3443 tuam
792 3382 824 3444 et
839 3376 985 3461 Regnum
1002 3385 1092 3444 tuum
1110 3396 1180 3442 oum
1197 3376 1397 3462 civitatibus,
1419 3396 1465 3442 oa·

361 3485 447 3570 stris,
463 3486 568 3570 terris,
592 3483 681 3554 villis
706 3484 858 3552 sibonis
885 3484 971 3570 aliis,
997 3504 1060 3569 que
1084 3486 1366 3570 impresentiarum
1392 3487 1468 3552 iuste

362 3603 395 3661 et
411 3592 649 3662 rationabiliter
662 3593 834 3682 possides,
851 3593 911 3662 sub
927 3595 1022 3662 Beati
1044 3595 1132 3661 Petri
1148 3602 1181 3662 et
1199 3601 1312 3662 nostra
1326 3593 1467 3678 protecti·
1544 3631 1545 3678 3

364 3723 428 3774 one
444 3703 659 3787 suscipimus,
676 3710 709 3772 et
724 3703 888 3788 presentis
904 3703 1018 3787 seripti
1038 3704 1218 3787 patrocinio
1235 3702 1468 3780 communimus,
1544 3713 1545 3738 l

364 3820 565 3898 statuentes,
590 3817 682 3879 ntea
698 3811 808 3878 omnia
836 3809 965 3896 integra
979 3817 1197 3896 permaneant
1213 3817 1246 3878 et
1271 3809 1394 3894 quieta,
1419 3827 1468 3876 noo

364 3919 536 4004 qnisquam
560 3920 594 3984 in
609 3917 672 3984 biis
689 3927 720 3984 te
745 3919 935 4005 perturbare
959 3925 1127 4004 presumat
1151 3926 1208 3986 aut
1233 3918 1467 4002 quomodolibet

364 4030 547 4097 molestare.
570 4024 660 4092 Nulli
676 4044 754 4112 ergo
770 4039 832 4092 eto.
850 4033 959 4114 nostre
984 4025 1196 4112 protentionis
1222 4037 1255 4095 et
1278 4027 1468 4097 mustitano·

364 4137 416 4206 nis
432 4142 493 4204 eto.
510 4137 628 4204 Datum
645 4135 734 4220 apud
761 4135 1046 4206 Urbem-Veterem
1072 4135 1184 4204 Idibus
1209 4135 1329 4222 Martii,
1346 4133 1467 4206 Pontii·
1544 4217 1545 4240 Χ

366 4253 459 4316 uatus
474 4247 577 4314 nostri
592 4263 677 4312 anno
694 4255 818 4330 quarto.

459 4441 518 4516 (lv.
530 4441 636 4501 milior
648 4440 726 4516 papa
737 4441 926 4515 Begestaibbl
939 4442 1062 4502 Theiner
1079 4441 1116 4500 id.
1130 4463 1167 4502 m.
1180 4443 1201 4502 l.
1214 4443 1274 4502 lot.
1285 4441 1349 4502 aio.
1358 4442 1391 4515 l.)

827 4714 1018 4725 ..ὴ-μ*-
