3144 5180
624 914 678 980 27.

87 1110 108 1174 Ι
110 1111 147 1178 V.
165 1111 284 1177 Mimos
303 1113 527 1198 popellum,
553 1137 575 1178 c
597 1113 731 1178 arabici
754 1113 911 1200 kirdlyrrd,
936 1113 1085 1200 pydntotd
1106 1115 1209 1200 utyjdt

278 1219 460 1287 rersdlcior'lli
475 1221 678 1288 lumlommal
693 1219 832 1286 ruddzza
841 1219 904 1306 fel.
929 1221 1026 1286 1291.

192 1414 350 1488 Nicolaus
366 1419 548 1507 Episcopus
573 1439 689 1491 seruus
704 1439 871 1487 seruorum
898 1413 961 1485 Dei
986 1417 1157 1486 carissime
1174 1419 1207 1484 in

87 1523 216 1594 Christo
233 1523 299 1592 filie
317 1527 422 1593 Elone
447 1529 573 1614 Regino
589 1531 703 1598 Servio
718 1531 842 1596 Illustri
865 1527 1003 1595 salutem
1019 1533 1052 1594 et
1066 1519 1206 1612 Aposto-

87 1633 182 1700 licam
200 1634 470 1703 benedictionem.
496 1637 626 1717 Quanto
642 1657 816 1724 personam
841 1641 930 1704 tuam
954 1634 1070 1703 maiori
1094 1655 1206 1724 prose·

87 1743 211 1824 quimus
227 1741 430 1828 plenitudine
447 1745 615 1833 caritatis,
632 1749 725 1812 tanto
742 1743 896 1812 libentius
916 1744 1001 1812 rotis
1021 1744 1084 1812 tuis
1100 1743 1206 1812 liben-

87 1855 133 1915 ter
149 1849 334 1937 annuimus,
352 1853 385 1916 in
402 1849 465 1918 hiis
482 1853 670 1940 potissime,
696 1873 760 1936 que
777 1851 898 1920 debent
913 1853 977 1921 tuis
1000 1852 1097 1920 iustis
1114 1851 1206 1920 desi-

89 1957 185 2026 deriis
203 1980 279 2030 esse
295 1967 404 2048 grata,
420 1967 542 2048 tneque
567 1964 678 2030 animo
694 1965 833 2032 salutem
850 1965 1013 2050 respicere
1037 1963 1209 2030 dinoscun-

87 2073 143 2133 tur.
160 2065 243 2134 Tuis
260 2067 361 2153 igitur
378 2070 510 2138 devotis
527 2071 993 2156 supplicationibusinclinati,
1011 2072 1205 2137 auctoritate

87 2177 140 2242 tibi
157 2178 359 2261 presentium
375 2177 606 2263 indulgemus,
623 2188 658 2245 ut
674 2179 796 2247 dilecto
813 2179 879 2247 filio
900 2179 993 2246 fratri
1007 2177 1147 2246 Nicolao
1164 2177 1205 2244 de

87 2285 224 2368 Vesica,
253 2283 387 2352 Ordinis
404 2285 542 2355 fratrum
568 2288 726 2354 Minorum
739 2338 748 2371 ‚
774 2285 828 2352 vel
846 2287 949 2354 cnivis
974 2287 1032 2354 alii
1059 2289 1203 2355 discreto

88 2392 175 2460 tratri
201 2393 350 2460 eiusdem
367 2394 502 2464 Ordinis
527 2399 728 2482 presbitero,
746 2417 860 2481 quem,
879 2397 1048 2483 quotiens,
1073 2401 1203 2485 oportu-

89 2523 159 2570 num
175 2503 293 2588 luerit,
319 2505 352 2570 in
370 2505 593 2574 confessorem
618 2505 752 2574 duxeris
778 2503 987 2594 eligendum,
1012 2511 1069 2572 tua
1093 2505 1203 2591 possis

88 2611 228 2680 oondteri
244 2616 438 2698 peccata,et
454 2615 496 2681 ab
513 2635 553 2681 eo
566 2615 714 2702 recipcre
739 2615 916 2680 salutarem
934 2614 1148 2698 penitentiam
1165 2632 1205 2680 ao

89 2721 192 2790 debite
209 2721 430 2790 absolutionis
456 2721 646 2792 beneficium
665 2723 706 2790 de
723 2721 922 2806 commissis,
950 2723 1090 2804 etiamsi,
1117 2717 1206 2804 quod

89 2830 188 2913 absit,
215 2831 298 2896 talia
316 2831 503 2914 extiterint,
528 2839 742 2918 propterque
768 2831 874 2898 Sedes
898 2837 985 2897 esset
1009 2825 1204 2915 Apostolica

90 2937 197 3005 merito
223 2937 437 3006 consulenda.
460 2937 552 3005 Nulli
568 2959 646 3024 ergo
673 2946 733 3006 etc.
751 2946 863 3006 nostre
889 2935 1115 3005 concessionis
1139 2941 1205 3001 etc.

89 3043 200 3112 Datum
216 3045 305 3131 apud
317 3045 605 3116 Urbem-Veterem
615 3045 728 3115 Idibus
738 3047 857 3130 Martii,
868 3043 1079 3113 Pontificatus
1095 3043 1202 3113 nostri

92 3174 168 3223 anno
188 3163 317 3241 quarto.

170 3331 231 3404 (lv.
247 3331 352 3392 liiiio·
362 3333 441 3409 pdpa
459 3333 650 3411 chcsttibol
662 3333 789 3393 Theincr
800 3333 840 3392 ld.
853 3353 888 3392 sn.
901 3335 925 3392 1.
937 3335 998 3391 lot.
1011 3332 1072 3391 3⁷5.
1084 3329 1115 3404 l.)

510 3625 781 3640 ’ψη
