3072 5168
851 329 999 434 ..ilii—

370 521 589 594 oontrst‘seiet
607 531 642 590 et
657 525 770 592 veniet
785 524 899 608 aliqua
916 525 1050 592 neolone
1059 578 1069 612 ,
1093 526 1227 607 ingenio
1243 527 1311 594 sive
1328 542 1444 594 usust
1459 521 1500 587 ‹le

365 630 442 717 jure
458 632 512 701 vel
526 633 568 701 (lo
593 633 682 702 lento
709 632 881 718 subponis
907 632 1065 722 prodiotis
1091 652 1151 718 per
1177 653 1235 702 eos
1250 642 1284 703 et
1309 631 1498 716 quemlibet

369 758 481 810 eorum
496 740 706 830 syndioornm
724 743 877 828 superins
893 742 1071 827 expressis,
1087 743 1249 830 solempni
1265 741 1495 830 stipulacione

368 849 531 935 promissa
540 902 550 937 ,
567 857 601 918 et
617 850 826 936 obligatione
846 853 988 918 omnium
1004 849 1159 918 bonorum
1179 851 1339 918 diotorum
1354 868 1494 922 suorum

370 955 593 1028 Communium
610 965 643 1026 et
666 959 843 1045 onjnslibet
860 980 971 1030 eorum
988 977 1047 1044 pro
1072 961 1311 1044 quantitatibus
1335 959 1495 1045 supradi-

369 1067 431 1136 etis
448 1066 614 1136 mobilium
631 1075 663 1134 et
678 1069 905 1153 immobilium,
922 1071 1126 1155 preseuoium
1142 1075 1176 1136 et
1196 1068 1387 1138 futurorum.
1408 1071 1493 1138 Aeto

367 1183 402 1244 et
416 1173 545 1246 lirunstu
570 1177 700 1244 fuerunt
717 1177 866 1264 prediots
892 1179 925 1244 in
941 1177 1055 1262 platea
1078 1179 1266 1246 communis
1292 1175 1398 1244 Jsdre
1417 1197 1492 1263 pro-

368 1285 516 1354 sentibus
532 1286 700 1353 nobilibus
715 1287 795 1355 siris
813 1286 953 1354 dominis
969 1287 1088 1356 Burohi
1112 1287 1281 1373 Salonini,
1308 1284 1491 1371 lompredi

367 1392 523 1477 Zesslell,
538 1394 677 1464 Andros
692 1394 733 1462 de
750 1395 876 1484 (tande,
893 1395 1057 1463 Duminno
1074 1394 1117 1462 de
1133 1395 1244 1479 Nasoi,
1262 1399 1296 1460 et
1313 1393 1436 1462 Blasio
1454 1394 1492 1460 do

368 1500 477 1587 Seps,
493 1503 620 1574 oivibus
645 1502 946 1588 Jsdretinensibus,
964 1509 997 1570 et
1012 1504 1088 1570 aliis
1114 1503 1263 1588 pluribus
1281 1503 1425 1571 testibus
1451 1503 1490 1569 sd

367 1608 430 1678 hoo
446 1613 572 1682 nocetis
589 1620 623 1680 et
638 1613 776 1696 rogatis.

955 1721 1025 1806 llgo
1051 1719 1211 1786 Antonius
1231 1719 1397 1804 quondum
1425 1723 1488 1788 Ro

903 1829 1044 1896 laudunii
1060 1829 1103 1896 de
1112 1828 1260 1895 Bononia
1269 1827 1445 1914 Imperiali
1460 1833 1486 1892 et

900 1936 1102 2004 Preloetoris
1121 1937 1315 2004 anctoritate
1326 1935 1441 2003 Judex
1456 1945 1484 2001 et

899 2045 1055 2112 Notarius
1080 2043 1240 2128 predictis
1266 2042 1419 2110 omnibns
1442 2043 1483 2108 in-

899 2151 997 2218 terlui
1013 2159 1047 2220 et
1063 2161 1097 2217 ut
1121 2171 1221 2236 supra
1243 2151 1364 2236 legitur
1392 2171 1482 2235 rogn-

900 2265 952 2326 tus
969 2261 1097 2346 publioe
1118 2259 1247 2344 scripsi.

696 2453 742 2524 (U,
756 2474 781 2510 0.
796 2454 845 2510 111.
859 2455 920 2511 nst.
940 2453 1111 2525 to-un.11.)

794 2744 1063 2755 -o----——-
