3094 5168
109 1183 234 1270 Mykod
249 1183 311 1248 bdrs
327 1207 365 1249 cz
393 1183 514 1271 erdc'lyi
539 1182 762 1270 kdptolunuak
782 1187 934 1272 meptrja,
953 1182 1031 1272 bopy
1054 1184 1232 1252 Joburtelke

109 1291 246 1358 birtokdt
257 1293 416 1378 Pdtcrnolc,
429 1291 601 1375 Mdcboole,
612 1293 794 1376 Istudacuk,
805 1291 1047 1378 Ddridfldoalr,
1058 1296 1090 1358 c‘s
1098 1293 1232 1362 Sudnak

438 1401 533 1465 Pron
540 1400 657 1485 ficiculo
673 1401 788 1466 cludro.
806 1402 903 1465 1297.

215 1603 304 1670 Viris
325 1601 475 1669 discretis
487 1605 519 1667 et
529 1599 673 1667 honestis
690 1620 730 1667 ae
747 1601 860 1670 amicis
871 1600 940 1668 suis
951 1599 1103 1686 Capitulo
1120 1603 1229 1670 Eccle-

108 1711 154 1778 sie
171 1709 268 1778 Beati
284 1709 468 1796 Myobaelis
492 1709 693 1794 Archangeli
716 1709 949 1778 Transsiluaoe
964 1709 1091 1796 Mykud
1106 1711 1229 1796 Barrus,

108 1841 143 1889 se
157 1827 263 1888 totum
279 1839 351 1887 oum
363 1819 515 1888 amicicia
526 1819 675 1905 pleniori.
692 1819 808 1886 Vestre
818 1817 1012 1887 discrecioni
1024 1840 1084 1904 per
1099 1839 1230 1908 presen-

107 1937 154 1997 tes
171 1929 391 2014 declaramus,
412 1928 497 2010 quod
523 1927 689 2011 quandam
706 1919 826 1996 terram
842 1935 988 1996 nostram
1012 1929 1230 1998 Jobusteluke

109 2047 261 2136 uocatam
276 2038 310 2104 in
327 2038 491 2105 Oomitatu
508 2037 646 2104 Albensi
673 2035 900 2122 adiacentem,
919 2057 992 2105 cum
1009 2038 1113 2108 tribus
1128 2040 1229 2124 parti-

107 2151 187 2215 culis
204 2149 373 2230 siluarum,
390 2143 482 2214 iuxta
492 2153 621 2213 ueteres
633 2157 736 2215 metas
753 2153 785 2212 et
801 2147 966 2232 antiquas,
978 2169 1082 2217 nouas
1098 2167 1157 2234 per
1167 2168 1227 2214 nos

107 2257 275 2343 erigendo,
292 2276 334 2323 ex
351 2255 436 2321 bona
451 2255 618 2323 voluntate
635 2260 668 2320 et
684 2255 903 2339 permissione
919 2257 1071 2342 magistri
1088 2255 1229 2342 Njoolai,

107 2365 254 2432 Demetri
270 2373 304 2431 et
324 2362 430 2446 Petri,
448 2361 587 2430 filiorum
604 2370 787 2431 nostrorum
804 2362 973 2433 vendimus
989 2366 1095 2448 Petro,
1110 2365 1229 2448 Marco,

108 2479 139 2538 et
154 2473 336 2558 Stephano,
351 2471 419 2537 filio
428 2471 547 2555 Dauid,
565 2491 605 2538 ac
621 2473 691 2540 Snd
706 2471 773 2539 filio
789 2473 888 2556 Petri,
906 2479 938 2538 et
954 2493 1013 2558 per
1029 2491 1086 2543 eos
1102 2474 1180 2558 filijs
1191 2496 1232 2543 ac

106 2583 354 2650 successoribus
368 2581 557 2663 eorundem,
574 2600 634 2666 pro
651 2581 788 2667 triginta
803 2581 923 2648 mareis
939 2582 1044 2649 minus
1060 2603 1139 2668 vna,
1156 2603 1227 2668 per-

105 2690 316 2774 petuabiliter
332 2697 364 2756 et
382 2689 522 2773 pacifice
539 2688 798 2774 possidendam,
824 2689 943 2774 partim
960 2689 993 2752 in
1010 2701 1144 2777 argento
1172 2693 1228 2760 de-

105 2799 187 2866 cime
197 2797 443 2884 combustionis,
455 2797 576 2882 partim
586 2817 664 2864 uero
675 2799 708 2864 in
720 2797 932 2866 estimatione
946 2798 1119 2885 condigna,
1130 2817 1228 2882 quam

105 2907 280 2991 pecuniam
297 2905 396 2991 ijdcm
413 2907 473 2973 viri
498 2907 646 2992 plenarie
663 2905 754 2970 nobis
774 2907 1019 2993 persoluerunt;
1041 2907 1228 2992 obligantes

105 3037 163 3083 nos
180 3015 308 3084 eisdem
326 3017 367 3080 ab
384 3015 532 3084 omuibus
547 3014 819 3102 impedieionibus
836 3015 968 3080 racione
984 3019 1071 3082 terre
1086 3017 1228 3103 propriis

103 3123 275 3192 laboribus
292 3132 325 3192 et
348 3125 503 3210 expensis
520 3122 661 3188 liberare
678 3129 712 3188 et
727 3121 860 3190 eosdem
876 3123 910 3190 iu
927 3123 1002 3208 ipsa
1020 3125 1228 3210 possessione

104 3253 312 3302 conseruare.
323 3233 432 3312 Quare
447 3232 639 3315 requirimus
652 3231 897 3317 discrecionem,
914 3239 1076 3316 quatenus
1093 3233 1227 3320 eisdem,

103 3342 181 3409 risis
198 3343 419 3429 presentibus,
432 3339 640 3428 priuilegium
661 3346 810 3407 restrum
826 3359 924 3425 super
940 3339 1014 3425 ipsa
1029 3341 1227 3410 vendicionc

102 3450 180 3517 dare
191 3449 386 3535 dignemini,
398 3472 438 3519 ao
448 3449 475 3515 si
486 3447 702 3533 personaliter
716 3468 824 3515 eoram
834 3447 928 3516 vobis
944 3447 1129 3517 fuissemus.
1144 3453 1228 3518 Item

101 3557 162 3628 bec
178 3557 335 3628 uendicio
353 3559 442 3626 facta
458 3557 518 3624 luit
543 3576 654 3624 coram
680 3557 838 3642 Magistro
864 3554 1048 3640 clemente,
1074 3557 1226 3627 Jobanue

102 3664 213 3733 Siculo
227 3689 237 3752 ς
254 3665 331 3733 item
348 3662 526 3746 Demetrio,
545 3664 695 3732 lohanne
712 3671 747 3730 et
765 3663 924 3748 Gregorio
940 3663 1017 3749 lilijs
1034 3665 1226 3755 Michaelis,

100 3776 176 3842 ilem
192 3793 307 3845 coram
323 3772 478 3842 iratribus
494 3773 591 3858 Wyd,
608 3768 1057 3860 aealmmato(?).1³reteres
1074 3781 1226 3842 emanato

100 3881 276 3968 priuilegio
302 3900 416 3948 omnes
441 3881 534 3946 litere
562 3879 736 3966 judiciales
764 3887 795 3944 et
823 3879 1047 3967 priuilegiales
1073 3882 1226 3966 primitus

101 3999 257 4060 emanate
272 4009 370 4076 super
386 3991 476 4058 dicta
496 3995 584 4056 terra
599 3987 720 4054 debent
736 3989 871 4058 cassari.
889 3985 1011 4054 Datum
1026 3987 1060 4054 in
1075 3990 1226 4074 predicta

100 4107 186 4168 terra
196 4099 432 4184 Jobosteluke,
449 4119 537 4166 anno
549 4097 680 4165 Domini
691 4098 748 4162 Mt
761 4097 839 4166 00⁰.
850 4097 1063 4182 nonagesimo
1073 4099 1224 4186 septimo.

206 4294 351 4366 (Tautseh
365 4293 395 4349 ds
408 4292 568 4350 Firuhaber
581 4293 816 4352 Urkundenbuuh
829 4294 885 4352 stb.
898 4293 919 4348 1.
932 4291 992 4349 kur.
1011 4293 1073 4349 203.
1087 4293 1118 4365 l.)

532 4592 788 4611 ..W-n*
