3094 5168
817 293 978 394 —Q

340 489 525 570 constituto,
542 486 631 555 etde
647 487 782 572 reliquis
800 488 935 558 lotidem
952 491 1017 572 liet,
1034 491 1119 558 sieut
1134 490 1169 556 in
1186 491 1301 558 eadem
1318 491 1450 578 publiea

341 597 578 668 testificatione
594 597 794 666 Nunciorum
810 600 976 688 ipsorum,
1002 608 1038 668 ut
1054 599 1242 687 predicitur,
1259 599 1453 668 declaratur.

340 707 430 776 Dicti
446 725 526 776 voro
540 707 660 776 Nuneii
677 706 821 775 eiusdem
838 707 1016 794 Delphini,
1045 711 1177 795 plenam
1198 710 1243 778 ad
1258 709 1321 776 hoc
1337 707 1455 776 haben·

341 823 392 886 tes
408 822 626 902 potestatem,
642 822 678 882 nt
694 815 840 884 constitit
854 816 986 884 nomine
1001 823 1034 883 et
1049 837 1109 902 pro
1127 825 1223 903 parte
1238 823 1305 883 tarn
1321 815 1455 904 predicti
1540 849 1541 852 ¹

340 924 464 994 domini
481 923 667 1006 flamberti,
685 922 846 1008 Delphini
862 926 987 1010 patris,
1016 945 1111 1006 quam
1129 923 1276 992 eiusdem
1297 925 1456 994 Jobannis

341 1033 550 1123 primogeniti
561 1034 626 1118 sni,
646 1033 884 1101 constituerunt
895 1033 983 1100 dicte
999 1035 1133 1100 domine
1144 1035 1288 1103 Beatrici
1300 1035 1457 1102 dotariun

340 1144 440 1211 trium
456 1142 593 1208 millium
612 1159 792 1208 annuarum
810 1143 962 1210 librarum
980 1144 1218 1210 Turonensinm
1231 1142 1457 1228 predictarum,
1541 1123 1542 1152 ἢ

342 1249 429 1336 quod
444 1249 530 1316 inira
545 1249 650 1334 primo
666 1249 807 1315 futurum
819 1249 938 1316 festum
956 1250 1106 1319 Omnium
1117 1253 1323 1335 Sanctorum,
1340 1270 1384 1316 ae
1399 1259 1458 1316 tar·

344 1360 418 1427 dius
435 1379 493 1445 per
509 1359 617 1444 ipsum
633 1358 836 1444 Delphinum
852 1379 925 1428 eum
951 1361 1160 1429 consciencia
1175 1360 1361 1429 Senescalli
1388 1362 1458 1428 Pro·
1542 1363 1543 1382 ¹

342 1467 453 1536 vineie
468 1468 501 1532 in
519 1475 607 1534 terra
632 1467 841 1534 convenienti
867 1467 1014 1535 eiusdem
1033 1469 1157 1535 valoris
1184 1467 1284 1532 annui
1310 1466 1350 1531 de
1378 1474 1460 1534 terra

342 1573 423 1642 dicti
439 1575 598 1660 Dalpbini
625 1583 802 1656 statuetur,
829 1583 860 1640 et
878 1577 982 1644 eciam
1007 1575 1247 1660 distinguetur,
1274 1576 1362 1642 circa
1380 1573 1459 1658 quod
1543 1655 1544 1658 Ἴ

342 1684 422 1751 dieti
438 1681 557 1751 Nuncii
574 1683 841 1768 promiseruntse
858 1683 1004 1750 facturos
1015 1689 1048 1748 ct
1065 1689 1245 1764 curaturos,
1262 1683 1460 1766 quoddictus
1543 1661 1544 1716 7

341 1798 483 1874 uterque
501 1791 653 1858 dominns
668 1791 866 1875 Delphinus,
883 1799 977 1878 peter
987 1799 1020 1859 et
1035 1790 1132 1875 lilius,
1150 1797 1278 1877 cuncta,
1294 1793 1380 1859 siunt
1395 1811 1460 1876 pre·

342 1906 481 1966 narrata
496 1905 582 1980 sunt,
599 1899 824 1967 observabunt
848 1897 1093 1982 iuviolabiliter,
1120 1905 1153 1964 et
1169 1895 1349 1965 efficaciter
1364 1899 1459 1966 adim·

343 2007 498 2094 plebunt;
515 2014 631 2074 ettam
648 2005 812 2091 predictus
825 2007 1075 2075 Bartholomens
1091 2007 1223 2073 nomine
1235 2014 1268 2074 et
1285 2027 1344 2092 pro
1361 2017 1461 2094 parte,

343 2137 384 2183 ao
401 2119 432 2183 in
450 2116 595 2183 animam
611 2117 716 2200 ipsine
733 2116 855 2184 domini
873 2115 983 2200 Regis,
1004 2135 1026 2180 a
1041 2135 1105 2199 quo
1122 2113 1163 2179 de
1180 2115 1242 2180 hoc
1259 2117 1392 2200 plenam
1410 2115 1461 2180 ba-

341 2225 429 2306 buit,
455 2231 490 2289 ut
505 2225 662 2310 constitit,
680 2230 895 2312 potestatem,
913 2243 1011 2309 quam
1037 2223 1116 2290 dicti
1132 2224 1251 2290 Nuncii
1279 2224 1410 2291 nomine
1427 2230 1458 2288 et
1545 2307 1546 2310 Ἴ

342 2351 401 2416 pro
417 2337 520 2418 parte,
537 2351 578 2399 ac
593 2333 626 2397 in
643 2332 786 2398 animam
803 2335 947 2417 ipsorum
964 2335 1132 2416 utriusque
1143 2332 1315 2417 Delphini,
1332 2331 1373 2398 dc
1391 2351 1458 2415 pre·
1545 2357 1546 2362 ¹

343 2439 454 2506 missis
471 2437 619 2506 omnibus
636 2446 669 2503 et
694 2439 836 2523 singulis
861 2439 1081 2526 adimplendis
1105 2449 1139 2506 et
1159 2439 1353 2526 servandis,
1380 2439 1460 2506 sicut

341 2547 573 2633 prenominata
589 2553 674 2624 sunt,
692 2547 725 2612 in
742 2549 892 2614 menibus
908 2549 1008 2630 meis,
1026 2547 1165 2634 predicti
1186 2551 1317 2617 Notarii
1327 2602 1337 2635 ,
1364 2549 1459 2616 tactis

342 2654 571 2722 Sacrosanctis
596 2654 790 2740 Evangeliis
814 2657 1030 2740 prestiterunt
1060 2658 1245 2740 corporalia
1271 2660 1459 2725 iuramenta.

342 2763 380 2829 ln
397 2763 490 2830 unius
505 2763 553 2831 rei
570 2761 677 2846 fidem,
694 2757 915 2831 testimoninm
933 2772 965 2830 et
976 2769 1141 2833 cautelam
1152 2767 1243 2833 facta
1259 2775 1335 2834 sunt
1346 2765 1461 2834 exinde

343 2890 403 2956 per
418 2888 470 2937 mc
487 2871 660 2942 Notarium
676 2873 899 2955 supradictum
916 2873 980 2940 dno
998 2876 1132 2961 publiea
1150 2876 1335 2942 consimilia
1352 2878 1461 2941 instru-

343 2985 453 3044 menta
463 3029 472 3062 ,
488 2977 707 3062 pendentibus
724 2987 792 3047 tarn
809 2982 912 3067 ipsius
930 2982 1053 3048 domini
1070 2982 1281 3050 Hierusalem
1299 2991 1331 3050 et
1355 2983 1461 3050 Sicilie

343 3087 454 3170 Regis,
471 3107 570 3170 quam
578 3087 776 3155 Nuneicrum
787 3089 930 3174 ipsorum
943 3089 1074 3174 sigillis,
1085 3096 1120 3156 et
1129 3109 1205 3159 mea
1218 3093 1461 3178 subscripsione

344 3197 489 3280 mnnita;
516 3215 653 3281 presens
670 3197 797 3266 scilicet
822 3197 927 3264 eidem
945 3199 1115 3282 Delphino
1132 3220 1191 3285 per
1218 3201 1355 3268 eosdem
1371 3199 1463 3265 Nun-

344 3302 412 3370 cios
436 3302 659 3386 deferendum,
677 3311 710 3371 et
735 3305 874 3371 alterurn
898 3323 1000 3390 penes
1026 3305 1132 3391 ipsum
1150 3306 1320 3374 dominum
1345 3308 1465 3391 Regem

344 3411 550 3478 Hierusalem
567 3421 599 3480 et
615 3413 729 3481 Sicilie
749 3414 1022 3483 conservandum.
1039 3415 1158 3481 Actum
1175 3416 1320 3500 Neapoli
1347 3435 1464 3501 mense,

345 3519 399 3588 die
415 3526 449 3586 et
464 3521 651 3590 ludieoicue
667 3524 874 3608 pretitulatis.

954 3613 996 3678 llt
1023 3633 1086 3697 ego
1112 3614 1229 3682 Petrus
1258 3613 1401 3686 (irassus
1427 3617 1466 3683 dc

875 3721 1038 3807 Neapoli,
1064 3723 1120 3806 qui
1150 3741 1262 3810 supra,
1290 3725 1411 3808 Regius
1437 3729 1468 3790 et

875 3828 1031 3898 Publicus
1051 3830 1248 3916 Apostolica
1274 3831 1467 3899 auctoritate

875 3937 1047 4018 Notarius,
1072 3939 1230 4024 predictis
1254 3940 1403 4007 omnibus
1436 3947 1468 4005 et

878 4046 1018 4129 singulis
1037 4045 1182 4130 interfui,
1206 4066 1314 4132 caque
1334 4049 1466 4136 propria

877 4173 976 4220 manu
1008 4155 1188 4240 subscripsi
1223 4163 1257 4222 et
1286 4156 1465 4243 publicavi,

879 4257 1017 4348 meoque
1038 4265 1134 4334 solito
1157 4265 1254 4352 signo
1271 4266 1403 4354 signari
1419 4285 1468 4334 ro·

878 4377 985 4455 gatus.

455 4519 539 4588 (Hist.
553 4519 588 4576 de
602 4522 755 4596 Dauphind
764 4524 812 4596 (de
825 4525 1025 4601 Valbonnais.)
1039 4531 1072 4589 P.
1084 4531 1120 4590 11.
1130 4533 1246 4592 77-78.
1261 4533 1357 4606 l'zeeb)

781 4695 910 4706 ——m—
924 4699 1031 4711 ---·--
