3094 5168
481 888 483 892 ’
608 924 681 992 no.

84 1087 148 1153 HI.
166 1087 276 1153 Endrc
291 1087 398 1174 tircty
415 1087 549 1152 Harmas
564 1083 875 1174 ltumuruprdffidnalc
892 1105 947 1172 epp
963 1085 1068 1149 Kassa
1083 1087 1113 1151 da
1130 1067 1203 1150 dot

238 1198 413 1283 aiczbdayc
428 1196 498 1261 ledat
506 1193 610 1280 felesti
625 1196 712 1262 mutu
728 1195 929 1281 adomdayoz.
955 1193 1053 1258 1297.

157 1359 229 1426 Nos
239 1359 390 1426 Andreas
401 1359 464 1426 Dei
475 1357 591 1444 gracia
601 1356 779 1444 Hungaria,
790 1356 973 1440 Dalmacie,
984 1355 1133 1441 Crocale,
1144 1355 1205 1420 Ra·

84 1487 149 1550 me,
162 1466 293 1560 Servis,
304 1465 456 1552 Gallicic,
474 1465 679 1550 Lodomerie,
699 1466 867 1547 Cumania,
885 1466 1104 1550 Bulgarieque
1124 1464 1205 1546 Rex,

84 1576 240 1642 omnibus
250 1575 370 1642 Christi
388 1573 538 1642 fidelibus
549 1583 730 1660 presentem
742 1575 899 1659 pagiuam
916 1571 1111 1658 inspecturis
1121 1571 1206 1640 salu-

84 1688 152 1750 tam
168 1683 202 1748 in
215 1683 354 1750 Domino
365 1680 606 1768 sempiternam.
618 1684 740 1750 Favvor
749 1679 915 1750 fidelitatis
932 1680 1049 1748 eximie
1064 1685 1097 1746 et
1112 1679 1205 1748 obsc-

84 1790 233 1876 quiorum
260 1791 378 1860 merita
403 1789 604 1860 subditorum
620 1787 720 1856 corda
745 1791 868 1875 Regum
889 1795 922 1856 at
940 1788 1125 1872 Principum
1143 1786 1204 1854 ad-

83 1899 231 1982 trabunt,
246 1898 408 1966 inducunt
424 1907 456 1964 et
472 1897 613 1965 invitant
623 1948 632 1982 ,
655 1905 691 1962 ut
716 1897 757 1980 ii,
784 1897 838 1980 qui
864 1896 1013 1978 serviciis
1031 1893 1206 1966 dominicis

84 2025 125 2076 sa
142 2006 337 2088 immiscent,
355 2005 518 2090 condigne
534 2005 809 2074 remuneracionis
829 2005 1002 2090 stipendiis
1017 2004 1207 2072 attolautur.

83 2111 232 2180 Proinde
257 2113 302 2179 ad
327 2113 552 2180 universorum
578 2112 732 2204 noticiam
759 2117 872 2180 tenore
897 2112 1101 2197 presencium
1118 2097 1209 2179 volu·

83 2241 159 2290 mus
176 2219 360 2307 pervenire,
378 2220 465 2304 quod
481 2221 558 2305 quia
574 2222 710 2290 Hannus
726 2219 814 2288 iilius
831 2220 967 2288 Comitis
989 2219 1151 2288 Herbordi
1167 2219 1208 2286 de

84 2331 207 2412 Cassa,
224 2329 340 2397 Comes
358 2349 487 2398 camere
503 2337 612 2396 nostre
628 2329 824 2416 Majestatis,
840 2329 945 2398 oculis
956 2327 1076 2398 nostris
1092 2325 1210 2396 meruit

85 2437 313 2523 multipliciter
325 2438 559 2524 commendari,
571 2459 699 2523 nosque
715 2439 816 2524 ipsius
833 2439 974 2506 servicia
990 2439 1124 2526 pietatis
1135 2458 1211 2506 ccu-

85 2548 133 2614 lis
152 2549 328 2629 intuentes,
346 2547 561 2631 volentesque
573 2548 677 2630 ipsius
694 2545 910 2616 fidelitatibus
927 2557 959 2616 et
970 2546 1137 2631 obsequiis
1153 2547 1211 2616 ali-

87 2658 181 2740 quali
199 2655 478 2726 remuneracionis
504 2655 653 2724 antidoto
669 2655 825 2739 obviare,
849 2659 977 2743 sylvam
996 2659 1081 2724 intra
1098 2656 1210 2724 civita·

86 2772 141 2833 tes
158 2775 287 2834 nostras
305 2766 543 2834 Calnuchbana
558 2775 591 2833 et
615 2765 657 2833 de
676 2765 783 2834 Cassa
808 2767 961 2833 situatam
987 2785 1045 2833 seu
1070 2765 1211 2832 existen·

87 2881 166 2955 tem,
185 2871 225 2938 ad
245 2880 390 2940 nostram
407 2894 541 2941 manum
558 2871 746 2941 immediate
757 2880 970 2957 spectantem,
986 2874 1164 2954 desertam,
1181 2879 1213 2940 et

88 2983 259 3049 intensam
275 2981 359 3048 inter
374 2979 491 3050 fluvios
509 2983 607 3050 Mizla
624 2989 657 3048 ct
673 2982 839 3050 Chaunuta
854 2989 991 3048 vocatos
1007 2975 1211 3063 existentem,

88 3109 198 3173 usqua
215 3089 259 3156 ad
274 3088 391 3158 fluvios
410 3091 491 3159 Bela
507 3097 539 3156 et
556 3093 616 3158 Kis
634 3091 783 3159 (leinach
807 3099 1032 3178 nuncupatos,
1057 3099 1152 3177 prout
1168 3089 1212 3156 ad

88 3207 243 3266 nostram
262 3198 399 3282 Regiam
416 3202 557 3283 pertinet
573 3200 795 3282 Maiestatem,
814 3199 918 3267 eidem
930 3199 1047 3268 Comiti
1065 3199 1211 3278 Hannus,

87 3317 124 3374 ct
140 3325 201 3392 per
219 3325 291 3371 aum
310 3306 375 3374 suis
396 3305 588 3390 heredibus,
615 3309 836 3392 heredumque
861 3328 993 3376 suorum
1018 3305 1214 3376 successori·

87 3419 154 3484 bus
175 3416 373 3482 contulimus
385 3423 417 3482 et
433 3416 631 3484 tradidimus
644 3419 717 3502 jure
735 3425 936 3504 perpetuast
954 3414 1214 3484 irrevocabiliter

86 3525 345 3610 possidendam.
375 3526 417 3592 at
442 3525 580 3594 eundern
606 3525 766 3594 Comitem
792 3527 928 3593 Hannus
953 3525 984 3591 in
1013 3525 1215 3610 corporalem

86 3633 340 3720 possessionem
357 3632 442 3698 dicte
460 3634 555 3719 sylva
571 3641 604 3698 et
620 3643 705 3700 terre
722 3634 974 3719 pcheldricum
991 3631 1214 3700 Castaliarum

85 3750 242 3810 nostrum
259 3741 301 3805 da
317 3742 423 3809 Potck
439 3741 500 3808 sub
526 3743 713 3810 testimonio
732 3744 876 3829 Capituli
892 3741 1062 3829 Agriensis
1078 3740 1215 3810 lecimus

85 3849 269 3920 introduci.
286 3851 324 3916 In
342 3849 435 3934 cujus
454 3851 502 3915 rei
521 3851 731 3935 memoriam,
757 3853 1008 3934 firmitatemque
1023 3855 1214 3936 perpetuam

85 3963 270 4048 presentes
295 3929 520 4027 concessflrrus
547 3958 711 4044 dupplicis
728 3961 830 4046 sigilli
846 3962 948 4026 nostri
974 3959 1151 4025 munimine
1167 3976 1215 4024 ro·

86 4073 242 4136 boratas.
259 4069 379 4134 Datum
404 4085 598 4153 parmenus
624 4068 824 4137 venerabilis
849 4069 954 4157 patris
972 4067 1094 4134 domini
1109 4065 1215 4133 Theo-

86 4180 167 4248 dori
183 4179 248 4244 Dei
264 4178 378 4264 gracia
394 4177 550 4266 Episcopi
566 4179 769 4263 Jauriansis,
787 4179 899 4247 dilecti
914 4185 947 4248 et
971 4177 1079 4245 fidelis
1102 4175 1217 4257 nostri,

85 4291 173 4356 aule
189 4293 301 4354 nostra
326 4285 626 4373 Viae-Cancellari,
644 4309 730 4356 anno
747 4288 880 4358 Domini
906 4287 1076 4356 millasimo
1101 4285 1218 4354 ducan-

85 4398 216 4467 tesimo
233 4395 448 4480 nonagesimo
460 4396 608 4482 septimo,
624 4397 729 4480 Regni
739 4403 849 4465 autem
859 4396 963 4464 nostri
980 4413 1066 4462 anno
1078 4392 1217 4480 septimo

298 4573 407 4638 (Kassa
417 4573 503 4631 varos
516 4573 759 4632 levdltdrdbdbdl.
772 4577 894 4630 Hctoam’
906 4571 1022 4642 Mutato)

530 4783 775 4795 *νημαι-
