3082 5166
859 854 935 920 idd.

340 1051 436 1116 Mikd
448 1053 545 1118 Deire
553 1053 605 1138 fio
621 1074 677 1138 epp
701 1053 836 1136 renardi,
861 1052 987 1116 Edeuelt
1003 1054 1034 1114 da
1058 1049 1177 1114 Barkes
1202 1049 1305 1112 Dona
1313 1047 1378 1131 fiai
1396 1047 1462 1108 mas

339 1159 477 1245 ricardi,
492 1159 611 1246 admely
636 1160 752 1224 tiriolo·
766 1160 884 1245 jopaile
909 1161 995 1224 indat
1020 1184 1041 1222 o
1057 1159 1145 1222 odaei
1160 1156 1317 1244 kdptolan
1332 1151 1404 1219 etta
1418 1153 1461 1216 υἰ-

696 1271 865 1335 azoucsere't
880 1267 1001 1336 ltdtacit.
1018 1267 1117 1332 1300.

755 1418 1051 1484 ABG

445 1565 632 1650 Capitulum
644 1563 792 1632 Ecclesia
803 1565 988 1632 Waciensis
1005 1562 1154 1628 omnibus
1170 1559 1293 1627 Christi
1310 1557 1460 1626 fidelibus

340 1679 510 1760 presentes
536 1673 663 1740 litteras
689 1671 884 1758 inspecturis
908 1673 1044 1740 salutem
1062 1672 1094 1737 in
1115 1669 1258 1738 omnium
1284 1669 1459 1736 calcatore.

339 1780 390 1850 Ad
406 1781 630 1848 uniuersorum
659 1781 813 1848 noticiam
839 1793 904 1848 lam
930 1779 1130 1865 presencium
1158 1797 1255 1860 qoam
1283 1775 1461 1844 futurorum

338 1888 453 1956 harum
478 1889 563 1954 serie
590 1891 738 1958 uolumus
764 1890 957 1977 peruenire,
983 1889 1073 1970 qnod
1098 1888 1213 1954 Comes
1232 1887 1355 1973 Mykon
1377 1885 1460 1952 lilius

337 1995 464 2064 Detriei
480 1997 523 2063 ab
550 2016 613 2062 una
630 2005 735 2085 parte,
753 2005 786 2064 et
801 1999 919 2064 Comes
935 1997 1068 2064 Edeueh
1085 2013 1124 2060 ac
1144 1995 1269 2060 Berlrea
1286 1995 1344 2080 filij
1374 1993 1460 2078 Dyo·

336 2105 415 2191 nisij
432 2107 598 2188 exaltem,
611 2127 718 2174 coram
735 2105 827 2173 nobis
837 2106 1052 2192 personaliter
1069 2110 1287 2190 conpetenter
1305 2107 1339 2166 et
1353 2107 1460 2166 astan-

339 2220 389 2280 tes
400 2263 408 2297 ,
427 2213 518 2280 iuxta
534 2215 774 2283 continenciam
794 2217 973 2282 litterarum
989 2214 1223 2280 memorialium
1250 2211 1375 2278 domini
1398 2211 1458 2276 An-

339 2319 416 2390 drea
442 2321 504 2388 Dei
520 2324 634 2409 gracia
650 2321 749 2406 Regis
765 2323 956 2410 Hungarie‚
975 2327 1008 2388 et
1024 2343 1065 2388 ex
1080 2320 1298 2407 permissione
1319 2317 1458 2386 eiusdem

338 2427 479 2512 domini,
505 2449 602 2516 snper
618 2431 815 2513 quibusdam
831 2430 926 2496 terris
944 2429 1013 2496 auis
1031 2428 1218 2496 huiusmodi
1243 2428 1458 2512 permutacio-

338 2556 412 2601 nem
430 2556 489 2604 seu
505 2537 642 2604 formam
660 2537 844 2622 concambij
871 2535 1044 2604 refecisse
1070 2535 1222 2604 dixerunt
1236 2535 1323 2600 inter
1349 2536 1458 2621 ipsos:

337 2647 435 2727 Quod
451 2647 599 2733 prefatus
611 2648 729 2715 (lomes
746 2647 879 2714 Edeuch
891 2653 924 2714 et
941 2647 1067 2714 Barkes
1086 2646 1186 2713 frater
1201 2665 1282 2712 suus
1300 2645 1457 2728 quandam

337 2764 459 2824 terram
486 2775 579 2822 ouum
605 2755 695 2821 Puoh
721 2763 872 2824 uocatam
890 2775 949 2840 per
975 2756 1098 2822 dietum
1124 2751 1320 2842 Dyonisium
1336 2761 1458 2838 patrem

339 2865 484 2950 ipsorum
501 2867 596 2934 tilulo
624 2863 804 2949 emptionis
831 2871 1048 2950 conparatam
1072 2865 1132 2932 aab
1159 2862 1285 2930 eisdem
1312 2861 1457 2930 terminis

338 2981 369 3038 et
386 2973 662 3059 imitationibus,
691 2971 809 3057 quibus
826 2993 884 3060 per
901 2979 1031 3060 patrem
1051 2973 1197 3058 ipsorum
1214 2977 1248 3037 et
1273 2971 1458 3038 suecessiuc

337 3102 396 3169 per
411 3083 502 3168 ipsos
520 3081 636 3149 habita
655 3083 717 3150 init
734 3090 766 3148 et
782 3102 950 3168 possessa,
973 3082 1085 3166 dedit,
1113 3081 1249 3147 tradidit
1275 3087 1309 3148 et
1327 3080 1457 3149 contulit

337 3189 484 3276 prefecto
501 3189 618 3257 Comiti
635 3191 769 3276 idylion,
787 3197 821 3256 et
836 3209 896 3276 per
920 3209 994 3254 eum
1011 3191 1079 3256 auls
1104 3188 1283 3256 heralibua
1307 3191 1376 3254 iure
1391 3206 1456 3272 per·

338 3305 434 3383 petuo
451 3297 697 3382 possidendam.
724 3301 928 3366 Eeonuerao
954 3305 1063 3364 autem
1088 3297 1174 3364 idem
1191 3297 1311 3364 (lomes
1337 3295 1453 3382 Mykon

337 3406 369 3471 in
386 3406 611 3474 concambium
628 3405 715 3474 dicte
741 3414 827 3474 terre
843 3406 931 3472 Pueh
949 3405 1116 3490 quandam
1140 3412 1263 3474 terram
1280 3407 1348 3472 sibi
1364 3427 1385 3471 a
1399 3405 1456 3472 fra·

335 3514 437 3583 tribus
455 3515 522 3582 suis
548 3515 627 3602 filijs
644 3515 780 3583 Comitia
807 3519 926 3604 Epion,
953 3537 974 3581 a
997 3515 1133 3584 Nicolao
1161 3523 1194 3582 et
1219 3515 1360 3582 Iwaoka
1384 3511 1455 3596 filijs

336 3620 427 3690 Iuan
443 3622 623 3689 secundum
641 3622 778 3691 sormam
803 3623 883 3689 iuria
894 3622 1093 3706 deuolutam,
1108 3623 1208 3692 Zeleu
1224 3630 1390 3706 vocatam,
1405 3642 1456 3688 an-

334 3727 516 3818 peradditia
542 3751 599 3816 per
624 3729 732 3816 ipsum
767 3731 927 3798 comitem
952 3731 1078 3818 Mykon
1103 3732 1239 3817 triginta
1264 3733 1386 3801 mareis
1411 3750 1455 3795 ar-

335 3836 426 3920 genti
444 3837 699 3906 mercimonialis
716 3838 879 3904 Budensis
896 3839 1002 3905 minua
1019 3839 1157 3925 duabus,
1174 3859 1258 3923 quas
1275 3841 1377 3926 ijdem
1396 3840 1456 3907 Go-

335 3961 405 4010 mea
423 3943 557 4012 Edeuch
574 3953 607 4012 et
624 3946 748 4014 Berkcs
775 3949 878 4014 frater
894 3965 974 4015 auus
993 3966 1029 4014 se
1054 3954 1267 4016 asseruerunt
1283 3949 1455 4032 recepisse,

334 4051 478 4121 vicinam
494 4059 527 4118 ct
554 4053 742 4139 contiguam
767 4055 844 4122 ville
869 4053 1020 4123 eiusdem
1037 4055 1172 4122 Comitis
1199 4057 1322 4140 Mykou
1339 4056 1382 4124 ab
1398 4074 1459 4120 una

333 4166 427 4244 parte
443 4161 551 4228 Busan
567 4167 702 4238 vocate,
730 4165 772 4229 ab
791 4162 895 4228 altera
913 4180 990 4229 uero
1008 4163 1277 4231 conterminalem
1301 4170 1385 4232 terro
1398 4171 1454 4228 ttr-

333 4266 480 4334 ohieatus
498 4265 585 4356 (lgy)
602 4270 839 4354 Strigoniensis
856 4270 1009 4337 similiter
1034 4270 1134 4338 Zeleu
1152 4278 1361 4358 nuncupate,
1386 4288 1456 4335 enm

333 4376 482 4444 omnihus
508 4375 706 4443 utilitatibus
723 4377 794 4442 suis
819 4397 892 4443 cum
908 4377 1049 4460 quadam
1070 4380 1232 4465 particula
1247 4387 1337 4448 terre
1354 4377 1393 4444 do
1407 4397 1457 4444 ea-

332 4484 406 4549 dem
422 4488 510 4550 terra
526 4489 676 4552 extracta
693 4505 751 4570 per
774 4487 923 4570 prelatos
940 4489 1113 4558 Nieolaum
1138 4497 1170 4557 et
1184 4491 1355 4557 Iwankam
1370 4487 1453 4554 filios

329 4591 432 4676 iwan,
449 4593 525 4658 dum
543 4593 644 4677 ijdem
660 4598 934 4666 terrameandem
948 4599 1213 4668 Zoleuuoeatam
1228 4597 1462 4682 possidebant,
