3144 5180
366 1153 427 1220 JV.
439 1150 650 1237 Miletospopa
660 1175 681 1216 a
690 1175 731 1221 aa.
748 1153 883 1218 Fereocz
898 1151 1001 1216 rendit
1008 1151 1183 1216 ezluoouiai
1192 1143 1500 1233 tartomdnyjbndk-

333 1261 337 1270 '
367 1262 426 1325 nelo
450 1261 641 1347 mopbupyjo,
659 1259 738 1350 bopy
753 1261 803 1326 ket
819 1268 976 1325 amaseae
992 1255 1281 1344 bitiuqaa'eu'torolodl
1305 1255 1496 1320 Boszm'dha

801 1366 943 1454 ledldjda.
968 1367 1065 1430 1291.

475 1567 631 1636 Nicolans
647 1566 832 1652 Episcopus
857 1581 971 1630 seruus
997 1581 1168 1629 seruorum
1188 1561 1252 1628 Dei
1279 1559 1402 1626 dilecto
1429 1560 1498 1628 filio

373 1725 405 1743 ..
423 1677 596 1744 ‚Ministro
623 1675 755 1744 Ordinis
771 1675 932 1742 Minorum
949 1672 1117 1766 Prouintie
1145 1672 1323 1739 Solanonie
1348 1671 1499 1737 salntem

373 1791 404 1850 et
418 1785 640 1870 Apostolicem
655 1783 929 1852 benedictionem.
946 1783 1007 1849 Pro
1025 1779 1152 1848 cunctis
1170 1787 1282 1848 nostre
1298 1779 1423 1845 montis
1443 1778 1498 1842 de-

373 1890 604 1960 siderabilibus
622 1889 791 1959 Oatbolioe
817 1892 1051 1960 incrementum
1070 1889 1148 1956 lidei
1164 1887 1371 1970 affectantes,
1391 1885 1495 1952 nimio

371 1999 482 2083 ntique
497 1999 607 2069 dolere
623 2003 804 2084 replemur,
831 2020 903 2066 eum
928 2000 1078 2066 audimus
1103 1999 1233 2080 aliquos
1261 1999 1314 2064 vel
1330 1997 1494 2062 sentimus

373 2106 417 2176 ad
431 2107 519 2174 illius
536 2109 782 2196 depressionem
801 2111 1021 2192 qualicunque
1031 2107 1239 2192 malignitate
1255 2111 1423 2189 satagere,
1441 2104 1495 2170 vel
1546 2177 1547 2182 η

374 2215 639 2300 dampnabilibns
656 2219 762 2301 ipsam
788 2217 1001 2302 depravando
1026 2214 1333 2302 reprehensionibus
1359 2222 1421 2279 aut
1439 2213 1495 2278 de-

374 2323 591 2392 tractionibus
608 2325 638 2390 ei
666 2325 879 2411 abrogalibus
897 2323 1106 2409 derogando,
1133 2344 1191 2392 sen
1207 2324 1401 2392 commentis
1420 2341 1496 2388 ean·
1546 2367 1547 2380 ,

377 2433 451 2500 dem
466 2433 670 2501 mordacibus
681 2431 911 2518 pervertendo,
929 2436 1118 2518 adquorum
1129 2433 1241 2517 iniqua
1254 2429 1495 2502 consternenda

377 2541 540 2608 molimina
556 2561 594 2609 eo
611 2542 791 2610 animosius
808 2542 1004 2627 aspiramus,
1022 2563 1086 2626 quo
1103 2546 1137 2612 in
1152 2547 1332 2612 animarum
1349 2548 1493 2624 stragem

377 2650 589 2736 pernitiosius
606 2669 664 2718 eos
680 2651 892 2737 agnoscimus
917 2651 1117 2737 conspirare.
1137 2652 1235 2736 Sane,
1257 2652 1344 2718 sicut
1361 2647 1493 2735 accepi·

378 2779 460 2844 mus,
476 2761 509 2826 in
524 2759 714 2847 Principatu
728 2758 867 2842 Bosnie,
894 2759 1063 2828 carissimo
1091 2763 1124 2829 in
1141 2761 1272 2829 Christo
1296 2761 1364 2828 filio
1379 2766 1492 2826 nostro

378 2872 410 2937 S.
427 2869 509 2953 Regi
526 2867 639 2935 Servio
655 2867 777 2936 Illustri
793 2868 952 2952 subiecto,
977 2870 1061 2937 adeo
1079 2869 1281 2938 infidelitatis
1297 2890 1388 2938 error
1404 2869 1493 2935 inva-

379 2977 447 3062 luit,
465 2977 552 3060 qnod
569 2977 614 3043 ibi
631 2975 876 3063 quamplurimi
904 2975 997 3045 avia
1015 2977 1165 3044 veritatis
1191 2997 1326 3064 prorsus
1352 2975 1492 3058 advorsi,

381 3092 496 3154 euntes
512 3105 571 3171 per
588 3085 687 3153 deuia
711 3083 886 3168 falsitatis,
912 3087 1085 3170 pestilerae
1102 3085 1145 3152 ad
1171 3087 1421 3155 concutiendum
1447 3103 1492 3149 or·

380 3195 524 3262 thedoro
541 3212 666 3260 murum
682 3191 760 3258 lidei
784 3192 956 3261 machinas
980 3200 1181 3278 construant,
1197 3195 1369 3263 molientes
1386 3196 1491 3280 ipsum

381 3306 548 3374 fallacium
566 3301 884 3390 argumentationum
900 3303 1092 3388 impulsibus
1104 3303 1267 3371 demoliri.
1283 3307 1406 3373 Verum
1420 3305 1491 3370 licet

383 3413 518 3481 ubilibet
533 3411 631 3479 Sedis
656 3412 846 3496 Apostolice
871 3410 1045 3496 diligentia
1071 3419 1185 3480 contra
1209 3413 1324 3480 talium
1349 3415 1490 3481 dolosam

382 3522 543 3603 astutiam,
560 3541 602 3588 ne
619 3519 765 3586 diffusius
781 3519 967 3587 huiusmodi
983 3526 1095 3606 serpat
1111 3521 1254 3602 morbus,
1264 3521 1443 3588 remedium
1459 3517 1490 3584 li·

384 3631 498 3697 benter
523 3629 678 3697 adhibeat
703 3633 915 3712 oportunum,
943 3631 1110 3696 tamenin
1135 3629 1325 3710 Principatu
1350 3630 1490 3714 predicto

386 3741 554 3824 cupientes
570 3739 681 3816 anxie,
696 3745 732 3802 ut
748 3739 916 3823 negotium
941 3735 1016 3804 fidei
1032 3739 1101 3824 iugi
1123 3740 1269 3824 profectu
1279 3791 1288 3825 ,
1315 3741 1409 3808 elisis
1431 3758 1490 3806 om·

387 3849 462 3913 nino
481 3846 679 3929 quibuslibet
695 3848 877 3931 erroribus,
905 3847 1020 3914 fortius
1047 3848 1247 3934 invalescet,
1275 3849 1441 3916 studemus
1456 3845 1489 3913 sd

385 3958 447 4023 hoo
462 3975 521 4039 per
536 3975 598 4024 nos
616 3962 649 4022 et
665 3955 750 4023 alios
774 3959 932 4024 attentius
952 3957 1099 4042 vigilare.
1127 3957 1333 4026 Providimus
1349 3957 1446 4043 igitur
1461 3956 1489 4018 in

386 4063 535 4150 predicto
569 4065 756 4149 Principatu
784 4065 829 4131 ad
853 4083 989 4149 presens
1013 4085 1175 4152 personas
1211 4069 1339 4150 aliquas
1366 4069 1489 4133 circum·

386 4179 517 4257 spectas
533 4193 592 4261 pro
610 4178 701 4238 tanto
718 4175 846 4260 negotio
863 4173 1031 4260 deputare,
1055 4193 1192 4258 quarum
1208 4177 1352 4243 honesta
1368 4193 1487 4245 conuer-

387 4283 472 4350 satio
488 4283 672 4368 exemplum
688 4282 811 4350 tribuet
826 4281 1000 4368 puritatis,
1027 4290 1060 4349 et
1075 4283 1258 4352 doctrinam
1275 4285 1415 4352 fundant
1430 4300 1486 4350 oru-

388 4389 458 4458 dita
472 4391 562 4456 labia
578 4393 765 4475 salutarem,
782 4399 818 4458 ut
834 4412 927 4460 sacro
937 4393 1082 4478 ipsarum
1093 4393 1273 4461 ministerio
1289 4395 1486 4478 Principatus

387 4497 552 4583 predictus
568 4499 609 4568 ab
627 4499 812 4567 huiusmodi
827 4503 992 4590 contagiis
1009 4507 1214 4588 expurgetur.
1232 4499 1351 4568 Verum
1362 4503 1435 4586 quia
1449 4499 1482 4566 de

387 4603 557 4692 prudentie
574 4616 627 4675 tue
653 4607 812 4678 industria
836 4609 961 4680 firmam
978 4610 1011 4678 in
1026 4609 1166 4680 Domino
1191 4609 1344 4680 fiduciam
1370 4611 1479 4678 obtine-
