3094 5168
612 866 693 935 160.

96 1059 141 1122 Aa
158 1059 282 1147 crddlyi
306 1063 462 1149 kdptalaa
477 1065 738 1152 bizooyadpleoele
747 1120 757 1154 ,
783 1069 862 1154 bopy
878 1069 1048 1157 Erasdbet,
1075 1071 1222 1140 Aloioeai

96 1165 240 1233 Herbard
254 1177 385 1258 davepye
407 1171 575 1258 Vdrorrpyu
600 1175 631 1237 ea
654 1174 870 1260 Domdasb'ido
885 1180 1049 1265 josadpait
1072 1201 1111 1244 aa
1136 1181 1222 1247 erdli-

351 1277 397 1364 lya·
413 1280 596 1365 epybdaoak
611 1283 830 1368 ujcioddltozta.
849 1284 945 1350 1300.

197 1474 266 1540 Nos
299 1475 485 1562 Capitulum
511 1479 660 1546 licolesie
685 1481 782 1547 Beati
806 1483 992 1568 Mychaelis
1017 1485 1220 1572 Archangeli

94 1579 325 1650 Traussiluaue
343 1585 498 1652 memorie
518 1586 785 1654 commendantes
797 1595 910 1655 tenore
927 1592 1131 1676 presencium
1148 1593 1219 1677 qui·

94 1685 149 1753 buu
167 1688 306 1774 expedit
332 1689 557 1776 significamus
578 1694 761 1780 uniuersis,
779 1695 869 1779 quod
894 1695 1028 1766 domina
1045 1699 1219 1768 Elisabeth

95 1795 207 1860 relicta
224 1793 360 1863 Comitis
374 1796 534 1868 Herbordi
545 1801 604 1868 filii
620 1801 802 1891 Henniugij
820 1804 862 1871 de
874 1807 978 1874 Viuoh
995 1807 1151 1893 inferiori,
1163 1827 1218 1874 vo·

94 1902 234 1970 lentibus
252 1909 285 1969 et
301 1907 587 1977 consencientibus
604 1909 671 1976 filio
682 1912 813 1979 nomine
825 1914 998 1981 Herbordo
1015 1921 1048 1982 et
1064 1913 1133 1980 filia
1149 1913 1215 1980 lili·

95 2011 208 2077 sabetb
236 2020 443 2100 nuncupata,
470 2033 510 2079 ac
527 2016 653 2084 Gemite
669 2019 830 2105 Daniele,
859 2020 927 2088 filio
944 2019 1099 2088 Chelonis
1116 2022 1218 2090 fratre

95 2117 214 2186 eisdem
231 2119 372 2202 domino,
390 2141 451 2188 nec
468 2144 534 2190 non
552 2132 584 2190 et
605 2126 731 2194 Comite
747 2127 863 2192 Hancb
880 2127 921 2196 de
938 2129 1042 2196 Vinch
1058 2129 1216 2214 inferiori,

93 2243 130 2290 ao
144 2227 244 2293 Petro
262 2227 406 2312 plebano
423 2227 464 2296 de
480 2231 599 2318 Sabus,
616 2231 682 2301 filio
700 2233 838 2301 comitis
858 2235 901 2300 de
918 2235 1088 2318 Vasmodi,
1105 2242 1219 2304 astau-

94 2331 178 2402 tibus
195 2335 371 2419 presencia
387 2340 567 2422 personali,
590 2358 700 2407 eoram
717 2342 812 2410 nobis
831 2345 1019 2425 constituta,
1037 2345 1145 2410 Deum
1161 2344 1218 2410 ba·

93 2441 170 2508 bens
188 2462 246 2526 pre
263 2445 376 2526 oculis,
394 2451 427 2511 et
444 2449 597 2533 cogitans
614 2449 655 2515 de
672 2451 845 2534 supremis,
864 2450 905 2517 de
921 2452 1136 2535 possessione
1153 2452 1218 2520 Oo-

94 2551 177 2617 mitis
195 2550 356 2618 Horbordi
374 2554 541 2638 quondam
567 2557 677 2623 mariti
697 2558 746 2625 sui
765 2558 939 2643 prelibati,
966 2557 1011 2626 ad
1028 2579 1103 2625 eam
1120 2557 1217 2626 devo-

96 2657 170 2736 luta,
187 2659 245 2741 qui
260 2660 381 2727 Diuiuo
393 2668 534 2729 vocante
544 2664 674 2748 judicio
702 2667 790 2732 viam
807 2665 959 2732 universe
975 2667 1086 2735 caruis
1103 2673 1154 2730 est
1169 2667 1217 2732 iu·

96 2785 237 2852 gressus,
255 2767 368 2836 Varda
391 2778 533 2855 uocata,
550 2771 647 2836 simul
665 2791 736 2837 cunr
753 2777 842 2837 terra
867 2773 1014 2838 Damaso
1030 2771 1121 2838 leldu
1138 2761 1217 2838 nun·

95 2881 223 2961 cupata,
241 2876 297 2942 ubi
313 2878 467 2944 Ecclesia
481 2877 615 2962 lapidea
641 2879 675 2946 iu
691 2879 816 2947 honore
832 2881 952 2946 Sancte
968 2877 1150 2946 Trimitatis
1166 2886 1218 2948 est

94 2989 301 3068 constructa,
318 3003 382 3066 que
406 2985 447 3051 de
464 2985 560 3052 bonis
577 2985 687 3052 mariti
705 2988 756 3050 sui
773 2984 1007 3072 suprascripti,
1025 2989 1059 3050 et
1073 2983 1216 3072 propriis

93 3096 165 3156 suut
182 3099 385 3177 comparate,
403 3093 503 3160 talem
514 3093 762 3160 ordinacionem
774 3091 904 3174 iecisse,
922 3101 954 3158 et
965 3112 1006 3156 ex
1021 3101 1111 3172 uoto,
1130 3093 1217 3174 quod

93 3200 298 3282 presentibus
317 3198 509 3278 confirmat,
526 3199 660 3267 firmiter
677 3203 939 3285 observaturam,
956 3199 1148 3282 promisisse
1164 3205 1217 3268 est

92 3309 261 3394 consessa,
279 3307 456 3390 videlieet,
477 3307 564 3390 quod
581 3309 611 3374 si
628 3309 703 3392 ipsa
720 3313 849 3373 mortua
865 3305 951 3373 filius
968 3313 1002 3370 et
1018 3305 1085 3373 filia
1103 3325 1215 3391 super-

94 3414 252 3502 uiuerent,
270 3421 303 3481 et
318 3433 375 3482 eos
393 3433 547 3483 successu
564 3423 746 3498 temporum
771 3415 899 3496 absque
915 3411 1071 3482 heredum
1088 3413 1216 3482 solacio

92 3521 250 3590 decedere
268 3523 486 3606 contingeret,
497 3531 554 3588 aut
569 3528 676 3589 tractu
687 3521 841 3606 temporis
858 3538 1068 3588 successores
1085 3539 1143 3586 seu
1160 3523 1216 3588 bo·

92 3632 186 3700 redes
203 3632 396 3716 eorundem,
413 3631 471 3697 filii
489 3632 644 3698 videlieet
661 3637 693 3696 et
714 3632 780 3698 filie
796 3630 964 3714 utriusque
979 3649 1080 3697 sexus
1098 3631 1217 3700 tamde

92 3741 176 3812 linea
185 3740 344 3808 feminina
355 3760 454 3823 quam
471 3741 667 3823 masculina,
682 3761 722 3806 er
733 3747 810 3805 tuno
820 3738 910 3804 dicta
921 3739 1088 3822 possessio
1100 3740 1216 3806 Varda

89 3848 182 3914 simul
200 3867 273 3912 oum
291 3853 383 3912 terra
399 3845 638 3912 Damasafeldu
655 3844 849 3930 supradicta
865 3863 939 3910 curn
955 3843 1106 3910 omnibus
1122 3844 1215 3930 adju·

91 3955 211 4024 conciis
228 3962 262 4020 et
278 3953 497 4036 utilitatibus,
518 3951 734 4032 molendinis,
751 3949 878 4035 uineis,
896 3951 1002 4035 siluis,
1019 3949 1216 4036 nemoribus,

89 4062 192 4148 pratis
217 4083 258 4128 ao
284 4069 379 4147 portu
395 4061 529 4129 nauium
556 4079 630 4127 cum
656 4060 757 4126 naulo
783 4057 827 4126 ad
843 4059 950 4144 ipsam
967 4060 1079 4127 uillam
1107 4057 1218 4127 Vardo

89 4169 263 4256 pertinenti
291 4177 325 4234 ct
349 4169 425 4256 alijs
452 4169 664 4254 pertinencijs
685 4169 857 4252 omuibus,
883 4169 927 4236 ad
944 4171 1037 4254 ipsas
1055 4166 1168 4236 Varda
1183 4175 1217 4234 ot

89 4275 328 4344 Damasaseldu
345 4276 590 4360 quomodolibet
613 4276 857 4362 spectantibus,
874 4296 915 4342 ex
932 4283 1008 4344 uoto
1026 4282 1060 4343 et
1075 4275 1213 4344 ordina·

90 4385 180 4450 cione
195 4405 286 4450 nunc
302 4385 403 4472 facta,
420 4385 454 4452 iu
469 4387 519 4452 ius
537 4391 569 4478 et
586 4385 819 4472 proprietatem
836 4391 983 4451 nostram
999 4384 1214 4452 deuoluereu·

89 4497 136 4558 tur
160 4492 234 4578 ipso
259 4491 363 4560 laeto.
381 4493 417 4560 Si
433 4499 541 4562 autem
570 4493 735 4578 predictos
761 4491 861 4562 tilium
878 4499 909 4560 et
925 4493 1027 4560 filiam
1047 4511 1122 4561 eum
1146 4497 1217 4560 tota
