3094 5168
637 928 714 999 1⁰8.

105 1126 230 1210 Medd,
248 1127 367 1190 Milatos
382 1128 665 1194 meslcrnelrmeadi
683 1130 810 1195 bdnoaio
818 1133 878 1215 fia,
895 1135 1022 1200 Mendel
1038 1137 1145 1202 Edron
1152 1140 1230 1222 floi-

102 1235 170 1298 nak
181 1235 300 1320 ndmoly
309 1235 448 1321 jaeckat
458 1237 647 1324 odomdnpoz
657 1238 860 1325 dr'lbdrke'peo,
872 1244 1027 1308 aosztriao'
1034 1249 1093 1331 joy
1108 1248 1230 1311 ozerint.

621 1348 717 1410 1296.

213 1544 282 1608 Nos
299 1541 473 1608 Ladislans
484 1542 572 1610 lilius
589 1544 737 1630 Magistri
754 1546 895 1632 Nyoolai
911 1549 997 1617 Beni
1014 1549 1055 1616 de
1072 1553 1229 1619 Mendic-

100 1673 182 1719 nore
200 1654 408 1736 presencium
424 1653 620 1738 profitemur,
647 1653 735 1736 quod
753 1653 837 1722 bone
853 1655 1097 1726 deliberacione
1113 1659 1229 1746 preha-

100 1761 173 1826 bito
192 1769 225 1826 et
248 1761 382 1828 consilio
410 1760 614 1844 sapientum,
633 1760 840 1827 attendentes
868 1761 1058 1830 fidelitatem
1084 1768 1228 1850 ipsorum

99 1870 326 1952 sommiorum,
352 1869 518 1950 Wolfgero
537 1875 571 1934 et
587 1871 738 1954 Nyeolao
756 1869 887 1954 Ebioni,
909 1879 940 1934 et
955 1875 1085 1939 Andros
1103 1883 1136 1942 et
1159 1879 1228 1963 My·

98 1980 211 2047 chaeli
228 1979 308 2064 filijs
334 1978 457 2045 Ebroni
475 1977 553 2046 dicti
578 1979 711 2044 Mendel
729 1979 769 2044 de
787 1978 893 2064 Mead,
911 1988 944 2046 et
961 1983 1111 2050 omnibus
1136 1984 1227 2050 here-

98 2089 199 2156 dibus
215 2091 361 2174 ipsorum
371 2087 540 2170 utriusque
557 2107 666 2170 sexus,
684 2089 824 2168 quedam
837 2089 923 2154 bona
935 2108 996 2154 sua
1012 2089 1044 2154 in
1062 2092 1168 2175 Mead,
1182 2093 1229 2160 vi·

99 2197 226 2264 delicet
242 2201 380 2278 quatuor
392 2191 489 2260 leode
510 2201 542 2260 et
564 2193 733 2260 dimidium
752 2213 823 2258 cum
845 2195 1037 2276 quibusdam
1054 2199 1154 2281 agris,
1175 2201 1229 2282 qni

97 2301 1228 2388 communiterVberMozzcnuooupentur,etquendampartemsillue

97 2411 200 2501 (135),
219 2419 251 2478 ct
262 2409 431 2478 dimidium
451 2407 580 2476 feodum
593 2430 687 2476 suum
711 2412 1017 2492 inmortunzzaben,
1031 2416 1227 2482 contulimus

95 2521 231 2590 nomine
242 2519 373 2602 feodali,
384 2517 561 2585 secundum
574 2527 658 2584 terre
666 2520 802 2585 Austrie
813 2519 989 2608 iusticiam,
1005 2522 1106 2589 libere
1119 2531 1150 2589 et
1160 2545 1229 2610 pcr-

93 2639 198 2716 petue
214 2626 426 2715 possidenda,
444 2627 492 2693 sic
503 2629 657 2712 quodper
673 2648 735 2695 nos
752 2637 807 2696 aut
824 2649 1034 2698 successores
1051 2639 1182 2700 nostros
1194 2633 1228 2697 in

96 2738 258 2826 predictis
278 2736 393 2820 feodis,
411 2737 636 2824 scilicetagris
657 2743 690 2802 et
709 2737 811 2818 siluis,
829 2741 995 2806 molestari
1011 2761 1076 2806 non
1087 2740 1228 2810 debeant

96 2851 166 2915 vllo
184 2847 294 2930 modo,
313 2853 370 2912 aut
384 2850 416 2913 in
433 2847 544 2929 aliquo
556 2845 728 2932 impediri;
746 2846 975 2914 confirmantes
987 2868 1044 2916 eos
1060 2849 1091 2914 in
1104 2849 1227 2917 eisdem

95 2959 215 3040 bonis,
242 2955 419 3022 secundom
446 2953 532 3037 qood
549 2963 683 3022 actenus
701 2955 807 3042 ipsam
829 2957 929 3024 feoda
953 2978 1026 3024 oum
1043 2957 1112 3023 suis
1136 2969 1226 3025 ante-

95 3067 287 3134 cessoribus
303 3085 324 3129 a
339 3065 460 3129 nostris
485 3053 941 3150 progenitoribus'tonuerunt
951 3116 959 3148 ‚
986 3065 1105 3133 dantes
1122 3065 1226 3135 eciam

94 3179 184 3262 ipsis
201 3175 341 3241 liberem
358 3178 556 3258 potestatem
580 3171 743 3239 vendendi
760 3179 794 3238 et
810 3172 979 3260 obligandi
996 3171 1096 3239 seoda
1111 3193 1226 3260 supra-

95 3287 203 3372 dicta,
221 3291 254 3350 et
265 3281 462 3367 disponendi
478 3301 519 3348 ea
529 3280 573 3347 ed
583 3281 757 3348 vtililatem
769 3281 922 3367 ipsorum,
935 3283 1125 3370 seeundum,
1139 3281 1224 3365 qnod

94 3391 294 3461 necessitati
307 3409 419 3460 eorum
435 3388 599 3457 videbitur
615 3387 780 3475 expedire.
798 3390 839 3456 Et
856 3410 896 3455 ne
907 3389 1152 3456 concessionem
1170 3411 1224 3456 no-

93 3513 202 3569 stram
218 3502 253 3568 in
269 3507 435 3588 posterum
452 3497 570 3581 aliquis
597 3497 761 3564 hominum
788 3499 900 3564 voleat
916 3497 1093 3584 infringere
1110 3504 1165 3564 aut
1181 3500 1221 3566 ir·

92 3615 213 3694 ritate,
229 3607 386 3696 predictis
403 3606 558 3675 fratribus
575 3606 652 3692 filijs
677 3607 801 3672 Ebroni
818 3605 896 3671 dicti
912 3605 1053 3687 Mendel,
1072 3611 1105 3672 et
1121 3599 1226 3672 omniss

93 3721 157 3788 bus
173 3717 354 3786 heredibus
366 3717 511 3802 ipsorum
528 3723 697 3800 presentes
709 3713 856 3780 dedimus
867 3713 994 3780 litteras
1005 3714 1109 3798 sigilli
1121 3713 1224 3780 nostri

93 3827 278 3896 munimine
294 3827 479 3893 roboratos.
504 3825 626 3891 Datum
644 3823 678 3889 in
700 3823 796 3890 Mead
814 3842 901 3888 enno
916 3823 1050 3890 Domini
1077 3823 1128 3891 Μο
1154 3821 1225 3891 00⁰

94 3935 279 4004 LXXXX⁰
295 3935 341 4000 Vl
357 3935 389 4002 in
405 3933 458 4001 die
475 3935 662 4021 Margarete
678 3931 832 4017 Virginis.

131 4133 283 4208 (Eredetie
297 4129 387 4206 fllggb'
399 4129 541 4203 pecsdtlel
555 4149 573 4187 a
592 4129 729 4202 sopronyi
752 4125 850 4186 verosi
863 4126 1055 4186 leve'ltdrban.
1069 4131 1189 4182 Helvam·

599 4222 721 4290 miore.)
