3082 5166
898 1004 968 1072 rat.

375 1203 424 1270 Aa
449 1201 568 1290 erdclyc'
596 1203 751 1290 kdptuloa
781 1201 1062 1291 bizottyadplcvele‚
1093 1203 1173 1291 dopy
1210 1202 1343 1271 Wctrdai
1375 1203 1471 1266 Taruda

328 1333 330 1342 ‘
377 1313 471 1378 Buad
500 1313 666 1378 birtokaak
689 1311 856 1398 felerdszdt
892 1312 1013 1378 Wiacai
1036 1311 1184 1379 Harbord
1213 1309 1351 1399 profuok
1373 1310 1470 1377 elodto.

763 1420 767 1428 '
825 1420 1055 1486 1290-1301.

487 1617 673 1704 Capitulum
689 1619 837 1688 Ecclesia
856 1619 952 1688 Beati
968 1618 1141 1687 Michaelis
1158 1617 1358 1703 Archangeli
1371 1617 1472 1684 llam

378 1725 507 1794 siluane
523 1725 684 1796 uniuersis
700 1727 821 1795 Christi
840 1725 993 1796 fidelibus
1009 1745 1148 1814 presens
1158 1727 1317 1814 scriptum
1332 1727 1471 1813 inspectu·

379 1835 424 1902 ris
449 1837 589 1904 salutem
605 1836 639 1902 in
665 1837 808 1904 omnium
825 1835 1005 1905 saluatore.
1026 1837 1262 1906 Vniuersorum
1286 1835 1400 1904 noticic
1420 1842 1474 1900 tam

382 1944 586 2030 presencium
604 1965 701 2030 quam
726 1948 907 2016 futurorum
924 1949 1039 2017 harum
1055 1950 1141 2016 serie
1157 1945 1380 2030 declaramus,
1402 1944 1473 2032 quod

382 2051 525 2122 Thomas
550 2053 637 2122 lilius
653 2055 742 2122 Petri
766 2057 808 2124 de
824 2053 969 2138 Warda,
994 2057 1249 2142 presencialiter,
1267 2075 1373 2124 coram
1395 2051 1474 2120 nobis

382 2161 588 2251 constitutus,
613 2169 646 2230 et
670 2162 838 2232 confessus
865 2181 902 2229 se
928 2164 1065 2232 totalem
1091 2164 1302 2233 medietatem
1327 2159 1474 2232 cuiusdam

382 2269 602 2354 possessionis
619 2289 678 2338 suc
694 2271 785 2339 Buzd
801 2278 927 2360 uocate,
944 2271 1144 2359 indistincte,
1161 2272 1303 2340 indivise
1319 2279 1351 2340 et
1368 2271 1474 2354 insepa-

383 2383 467 2461 rate,
481 2378 606 2462 absque
623 2379 727 2464 metis,
746 2379 849 2466 signis
861 2399 923 2448 seu
939 2381 1094 2465 terminis,
1110 2388 1179 2448 mm
1196 2379 1339 2448 interris
1362 2376 1474 2445 arabili-

387 2484 459 2573 bus,
474 2505 571 2570 quam
587 2487 619 2553 in
637 2487 725 2574 aliJs,
743 2488 899 2556 uidelicet
908 2490 1021 2576 pratis,
1040 2489 1171 2576 tenetis,
1181 2489 1284 2566 siluis,
1304 2485 1439 2572 uirgultis
1450 2490 1475 2548 et

388 2593 592 2682 nemoribus,
618 2602 654 2664 ut
669 2616 729 2682 per
752 2617 828 2666 suos
845 2600 1070 2685 progenitores
1094 2598 1170 2686 ipsa
1191 2606 1279 2666 terra
1305 2591 1474 2675 abantiquo

388 2713 440 2774 cst
459 2703 610 2770 habitata
627 2712 659 2772 et
674 2723 850 2790 possessa,
868 2705 1022 2790 dedisse,
1037 2705 1215 2774 tradidisse
1231 2712 1264 2772 et
1279 2699 1475 2774 irreuoeabili·

384 2819 433 2882 ter
454 2811 652 2898 uendidisse,
673 2835 732 2902 pro
748 2813 921 2882 duodecim
936 2815 1058 2883 marcis
1074 2814 1131 2880 fini
1143 2816 1271 2900 argenti
1288 2811 1402 2881 Gomiti
1414 2810 1476 2876 ller-

264 2977 266 2986 ,
386 2921 489 2990 bordo
506 2923 573 2991 lilio
590 2925 729 3012 Heueng
744 2923 785 2992 de
802 2909 908 3011 Wine,
924 2921 1156 3012 possidendam
1173 2925 1242 2992 iure
1266 2930 1414 3010 perpetuo
1430 2933 1475 3002 per

382 3027 468 3100 filios
484 3028 634 3118 filiorum,
646 3033 791 3118 acceptis
808 3039 841 3100 et
857 3033 955 3118 plene
970 3029 1092 3100 habitis
1104 3031 1187 3120 ipsis
1198 3028 1367 3098 duodecim
1376 3025 1475 3094 mareis

383 3140 567 3225 peripsum
583 3139 762 3226 Thomam‚
779 3150 814 3209 ut
832 3140 919 3208 idem
937 3137 1039 3226 dixit,
1056 3157 1077 3204 a
1094 3138 1219 3208 comite
1234 3137 1398 3205 Harbordo
1418 3149 1475 3220 pre·

386 3253 510 3316 notato.
527 3245 598 3327 Que
609 3249 741 3333 quidem
756 3249 925 3336 possessio
940 3253 1071 3335 aparte
1086 3249 1294 3316 meridionali
1311 3244 1400 3316 terris
1413 3240 1476 3308 uillc

384 3355 581 3441 Ruhcmark,
598 3363 728 3444 aparte
753 3355 951 3425 occidentali
967 3358 1063 3424 terris
1079 3355 1218 3424 liliorum
1237 3355 1348 3440 Ghecl,
1372 3355 1477 3440 Spreng

384 3464 523 3550 uocatis,
541 3484 562 3530 a
578 3473 673 3551 parte
692 3485 769 3532 uero
785 3467 1035 3552 septentrionali
1051 3474 1084 3533 ct
1099 3465 1250 3534 orientali
1267 3465 1360 3532 terris
1375 3461 1477 3531 Scekes

387 3581 608 3642 commetatur.
634 3575 678 3640 Vt
693 3575 794 3661 igitur
819 3594 956 3662 presens
971 3573 1120 3642 uendieio
1138 3581 1169 3642 ct
1189 3573 1316 3662 empeic
1341 3575 1478 3658 perpetuo

387 3689 604 3768 perreuerent,
622 3684 667 3752 ad
684 3683 877 3752 instanciam
894 3691 927 3752 et
941 3684 1134 3774 peticionem
1147 3683 1272 3750 Thcme
1288 3703 1328 3750 ae
1340 3671 1478 3746 Herbordi

389 3788 608 3878 predictorum
624 3797 794 3877 presentes
811 3795 1031 3861 concessimus
1047 3793 1179 3862 litteras
1195 3791 1369 3858 munimine
1387 3791 1479 3852 auteu-

385 3899 441 3965 tici
457 3897 557 3986 sigilli
582 3900 685 3968 nostri
710 3901 924 3972 communitas
939 3939 982 3952 -
999 3939 1040 3951 -
1058 3897 1178 3970 Datum
1202 3916 1287 3967 anuo
1312 3893 1433 3966 Domini
1447 3923 1478 3937 ν

427 4202 565 4274 (Teutsch
579 4202 611 4262 ds
624 4202 784 4266 Fimhaber
796 4205 834 4266 id.
848 4225 884 4265 m.
898 4203 919 4266 1.
933 4203 993 4267 lot.
1006 4205 1067 4266 223.
1079 4203 1098 4264 l.
1112 4205 1131 4264 l.
1145 4203 1208 4264 lent
1230 4225 1248 4265 a
1261 4201 1322 4264 173.
1336 4197 1453 4267 estmoe)

927 4529 969 4536 ...-
984 4527 1068 4538 ι-μ-ι
