3144 5180
799 353 902 450 ..mm
941 442 961 450 ..

323 548 581 615 conversationis
607 545 756 615 eflectum
781 569 937 619 revocare
957 549 1169 625 desiderans,
1195 547 1256 616 sibi
1281 555 1434 634 pateruae
1561 533 1563 546 ξ

323 665 356 724 et
372 657 546 724 allectione
563 659 681 744 plenas
698 679 777 727 suas
793 660 923 726 litteras
940 661 1130 742 destinavit,
1153 679 1225 726 eum
1241 657 1360 724 adhoc
1376 677 1435 744 per

321 787 356 834 se
372 787 412 833 ae
428 766 512 833 alios
529 766 628 832 etiam
653 767 854 834 salutaribus
880 769 1012 837 monitis
1029 775 1062 836 et
1078 769 1212 834 attentis
1239 767 1434 834 exhortatio·

321 875 416 944 nibus
443 873 646 958 inducendo,
672 883 708 944 ut
723 897 744 944 a
760 878 972 944 Tartarornm
998 884 1030 942 et
1054 877 1192 945 aliorum
1217 875 1433 961 predictorum

322 984 508 1070 dampnatis
524 983 689 1052 erroribus
713 987 845 1070 penitus
871 985 1039 1054 resiliret:
1064 991 1099 1051 at
1123 984 1210 1052 idem
1236 983 1305 1049 Rex
1322 989 1436 1066 utpote

321 1093 354 1158 in
371 1111 502 1159 sensum
517 1093 687 1180 reprobum
704 1093 856 1172 deditus,
873 1115 933 1181 per
948 1095 1090 1182 abrupta
1105 1091 1324 1160 indevotionis
1341 1090 1435 1155 ober-
1564 1089 1565 1160 3

320 1219 410 1280 rans,
428 1205 462 1266 et
477 1199 521 1266 ad
536 1201 760 1268 inobedientia
785 1200 982 1270 detestande
1000 1202 1154 1268 duritiam
1177 1219 1213 1267 se
1229 1205 1435 1280 convertens,

321 1307 507 1376 huiusmodi
522 1307 653 1375 monitis
669 1317 701 1376 et
717 1308 1017 1393 exhortationibus,
1035 1331 1117 1396 quas
1133 1311 1179 1396 pii
1195 1310 1299 1396 patris
1315 1307 1433 1394 produ·
1565 1364 1566 1410 ,

321 1417 418 1484 nebat
432 1413 589 1492 affectus,
606 1437 722 1504 parere
739 1417 918 1498 humiliter,
935 1427 1032 1503 prout
1048 1419 1144 1485 uobis
1167 1417 1318 1486 clamoris
1334 1413 1437 1482 ualidi
1565 1437 1566 1440 ¹

320 1526 446 1618 pridem
463 1525 622 1592 revelavit
637 1527 799 1613 assertio,
817 1547 878 1594 non
895 1528 1029 1596 curavit.
1054 1527 1133 1594 Cum
1149 1536 1257 1594 autem
1274 1523 1316 1592 de
1333 1525 1436 1613 ipsius

320 1634 426 1721 Regni
441 1639 475 1700 et
492 1633 670 1702 incolarum
687 1635 758 1703 eius
774 1641 862 1702 statu
880 1635 1021 1703 sollicite
1038 1635 1235 1720 cogitantes,
1258 1639 1291 1699 te
1307 1635 1352 1701 ad
1366 1653 1436 1718 pre-

320 1743 420 1810 latum
436 1743 605 1826 Regnum,
631 1743 808 1810 commisso
834 1743 896 1810 tibi
912 1743 946 1809 in
963 1763 1003 1810 eo
1019 1763 1060 1810 ao
1079 1742 1154 1807 aliis
1180 1741 1347 1810 nonnullis
1365 1761 1437 1826 pro·
1566 1787 1567 1812 1

320 1852 438 1922 vinciis
454 1853 551 1941 plene
566 1851 742 1936 legationis
759 1849 887 1934 officio,
912 1851 1137 1934 destinemus,
1164 1850 1311 1916 volumus
1331 1858 1364 1916 et
1379 1869 1440 1934 per

320 1961 514 2047 Apostoliea
528 1959 652 2046 scripta
667 1961 726 2026 tibi
743 1961 893 2028 districte
909 1959 1120 2047 precipiendo
1140 1961 1342 2042 mandamus,
1360 1979 1440 2041 qua-

321 2075 416 2139 tenus
450 2070 590 2138 solerter
623 2070 799 2140 attendens
825 2077 859 2136 et
889 2069 1065 2153 diligenter
1090 2069 1325 2152 considerans,
1352 2067 1441 2153 quod

322 2179 514 2262 Apostolica
537 2177 640 2246 Sedes
666 2177 851 2246 huiusmodi
876 2179 1045 2266 negotium
1069 2197 1110 2244 ex
1127 2178 1225 2246 certis
1252 2177 1441 2245 considera·

321 2285 462 2355 tionibus
479 2283 668 2370 specialiter
685 2285 775 2352 cordi
792 2287 886 2373 gerit,
905 2305 978 2352 cum
994 2292 1027 2351 te
1043 2287 1088 2354 ad
1103 2293 1216 2372 partes
1233 2284 1311 2352 illas
1327 2304 1442 2370 perue-

321 2395 392 2462 nire
407 2394 590 2478 contigerit,
606 2411 666 2480 per
682 2397 777 2463 torel
793 2395 892 2461 alium
909 2415 967 2462 scu
977 2395 1073 2477 alios,
1089 2395 1130 2462 de
1147 2395 1265 2478 quibus
1283 2393 1443 2480 expedire

321 2504 501 2592 putaveris,
520 2503 671 2570 sollerter
682 2502 842 2588 indagare
858 2523 1013 2589 procures
1031 2511 1064 2570 et
1083 2502 1244 2587 inquirere
1254 2503 1443 2586 diligenter,

321 2619 424 2679 utrum
451 2612 597 2697 prefatus
622 2612 713 2694 Rex,
738 2611 813 2678 dum
829 2613 936 2680 adbuc
951 2613 1098 2692 vireret,
1124 2613 1168 2679 ad
1193 2631 1249 2678 cor
1275 2629 1439 2692 reuersus,

323 2721 436 2787 mortis
453 2739 509 2785 sne
525 2726 671 2806 tempore
687 2719 785 2788 fidem
799 2726 926 2788 teneret
942 2721 1137 2787 catholicam
1153 2726 1187 2786 et
1206 2727 1354 2788 servaret
1363 2771 1372 2804 ‚
1389 2719 1442 2789 di·

323 2829 430 2896 missis
447 2829 610 2896 erroribus
627 2837 659 2896 et
675 2831 774 2896 sectis
799 2830 980 2898 infidelium
997 2829 1192 2916 abnegatis,
1219 2831 1260 2896 ad
1276 2847 1356 2912 quos
1380 2848 1442 2896 seu

322 2955 459 3020 quarum
475 2937 720 3006 observantiam
737 2937 927 3022 dicebatur,
952 2939 1028 3004 dum
1045 2939 1178 3013 viveret,
1197 2940 1367 3003 transitum
1383 2937 1442 3003 lua

323 3047 456 3113 buisse:
472 3063 628 3130 procures
639 3045 739 3112 etiarn
751 3045 978 3114 certitudinem
991 3048 1115 3114 habere
1125 3045 1318 3132 plenariam,
1333 3051 1442 3112 utrum

323 3155 393 3220 Rex
417 3153 489 3240 ipse
516 3153 695 3220 decesserit
719 3160 883 3237 tamquam
909 3155 1098 3224 catholicus
1124 3153 1349 3240 Christianus,
1375 3173 1444 3222 non

324 3261 505 3347 hereticus,
532 3281 593 3329 nec
618 3261 846 3345 scismaticus,
872 3279 977 3347 neque
994 3281 1015 3326 a
1033 3261 1098 3329 fide
1113 3259 1302 3328 exorbitans
1327 3277 1443 3346 supra·

323 3369 432 3454 dicta;
456 3367 578 3452 quidve
593 3387 693 3454 super
709 3369 773 3438 biis
789 3369 915 3449 sciunt,
933 3369 1071 3437 credunt
1086 3375 1119 3436 et
1137 3375 1251 3437 tenent
1267 3366 1392 3435 Prolati
1407 3380 1444 3436 et

325 3481 481 3566 religiosi,
496 3479 671 3564 Magnetes
688 3485 720 3546 et
736 3478 843 3546 clerus
859 3498 899 3546 ac
914 3480 1055 3567 populus
1066 3479 1148 3547 dicti
1163 3477 1288 3562 Regui;
1306 3484 1340 3544 et
1350 3479 1442 3561 quod

325 3607 423 3675 super
439 3587 607 3673 premissis
624 3595 658 3656 et
673 3607 784 3658 eorum
809 3588 946 3673 singulis
961 3595 1030 3656 tam
1052 3591 1092 3655 de
1107 3588 1194 3654 fama
1209 3607 1307 3672 quam
1323 3587 1365 3655 de
1381 3607 1443 3654 ue-

322 3698 420 3763 ritate
437 3697 610 3782 contigerit
634 3697 777 3765 inveniri
786 3747 795 3782 ,
819 3705 854 3764 et
870 3697 956 3781 quod
972 3701 1072 3766 etiam
1088 3697 1131 3764 de
1147 3696 1306 3784 predictis
1331 3699 1365 3762 in
1381 3697 1444 3764 Re·

324 3823 388 3886 gno
405 3809 532 3872 tenetur
547 3805 681 3886 eodem,
706 3807 849 3877 maxime
865 3825 886 3871 a
901 3806 1044 3874 Prelatis
1070 3815 1103 3873 et
1118 3805 1286 3888 religiosis
1303 3805 1441 3890 eisdem,

322 3911 418 3979 nobis
433 3913 539 3998 plene,
557 3913 714 3998 seriatim,
732 3915 889 3982 distincte
906 3933 946 3982 ac
962 3915 1069 3983 lucide
1088 3915 1281 3999 quantocius
1292 3933 1351 4002 per
1366 3935 1441 4001 pro-

323 4021 427 4108 prium
439 4022 583 4088 nuntium
593 4022 728 4092 studeas
745 4024 909 4092 intimare.
921 4023 1044 4092 Datum
1055 4022 1141 4110 apud
1153 4021 1441 4093 Urbem-Veterem

320 4129 434 4197 Idibus
450 4129 665 4216 Septembris.
682 4133 896 4216 Pontificatns
911 4134 1012 4203 nostri
1029 4153 1116 4203 anno
1133 4133 1240 4202 tertio.

411 4325 473 4398 (iv.
485 4323 592 4385 llikltr
605 4327 684 4402 ptpa
696 4329 898 4402 Regesttibdl,
912 4328 1040 4388 Theiner
1053 4331 1093 4388 id.
1106 4348 1143 4388 m.
1156 4328 1179 4385 1.
1190 4329 1219 4387 k
1232 4327 1295 4386 869.
1308 4328 1345 4396 l.)
1382 4323 1384 4326 ’
