3144 5180
891 303 930 364 18
957 397 986 404 ,-

350 522 421 570 rum
437 502 691 590 Wyenensium,
712 521 734 566 a
749 501 836 570 festo
854 501 950 570 Beati
965 500 1099 568 Andree
1116 499 1276 584 Apostoli,
1293 499 1382 584 quod
1398 508 1462 566 erut

351 629 438 676 anno
454 610 589 678 Domini
605 613 638 678 M
649 608 702 676 OC
713 609 850 676 LXXX.
868 628 975 694 nono,
999 627 1102 690 usque
1119 606 1165 674 ad
1180 609 1360 693 proximam
1377 627 1462 676 reuo-

349 719 510 788 lueionem
535 719 639 806 ipsius
665 718 744 787 festi
759 719 891 806 pignori
915 717 1121 803 obligasset,
1147 715 1335 785 huiusmodi
1359 717 1462 787 eondi-

350 825 445 894 oione
460 826 660 908 interserta,
677 825 764 910 quod
780 827 808 894 si
825 827 859 892 in
875 825 1085 894 renolneioue
1109 823 1255 892 eiusdem
1270 824 1348 893 festi
1363 826 1464 910 ipsum

351 953 481 1002 seruum
498 954 556 1020 pro
573 933 698 1002 eisdem
712 936 830 1020 uiginti
846 935 960 1022 pensis
986 935 1029 1002 ab
1056 932 1173 1002 eodem
1191 933 1371 1002 Benedieto
1388 935 1465 1001 redi·

352 1063 439 1110 mere
455 1063 519 1111 non
537 1043 685 1122 ualeret,
711 1063 752 1108 ex
768 1050 847 1111 tune
864 1049 983 1112 octauo
1008 1042 1062 1110 die
1078 1049 1154 1131 post
1170 1043 1276 1128 ipsum
1291 1043 1465 1111 reuolneio-

351 1169 425 1218 nem
442 1151 528 1230 festi,
546 1149 754 1237 supradictus
770 1152 967 1220 Renedietns
984 1151 1091 1220 eidem
1107 1151 1338 1218 Bartholomeo
1356 1150 1466 1218 deeern

353 1278 478 1344 penses
504 1259 715 1326 denariorum
739 1259 963 1346 superaddere
979 1259 1124 1344 deberet,
1149 1263 1272 1346 etpost
1287 1257 1467 1324 huiusmodi

354 1366 663 1452 superaddieionem
689 1367 754 1452 ipsi
778 1365 960 1438 Benedieto
986 1373 1234 1456 perpetuaretur
1249 1387 1364 1434 seruus
1381 1373 1468 1434 ante·
1554 1375 1555 1406 ¹

355 1476 474 1542 dietus.
490 1475 592 1557 Igitur
607 1494 678 1540 enm
695 1475 895 1544 adueniente
905 1477 1113 1546 reuolueione
1125 1475 1201 1546 iesti
1212 1477 1469 1561 supranominati

354 1605 418 1652 non
435 1582 598 1669 potuisset
613 1583 774 1651 redimere
791 1604 921 1654 seruum
937 1592 1162 1674 prenotatum,
1179 1583 1286 1651 dictus
1305 1584 1470 1652 Bartholo-

355 1711 447 1760 meus
463 1693 506 1757 ab
523 1692 640 1759 eodem
656 1693 770 1761 Mikov
795 1693 869 1762 vioe
885 1703 918 1762 et
934 1695 1065 1762 nomine
1091 1691 1213 1782 prelati
1238 1693 1410 1762 Benedicti
1426 1715 1470 1760 re·

356 1802 482 1889 oipiens
499 1801 703 1886 supradietrs
730 1803 845 1871 deoem
861 1825 986 1892 pensas
1009 1805 1150 1873 eundem
1166 1805 1338 1872 Mieaelem
1354 1824 1415 1890 pro
1430 1805 1471 1872 ri·
1555 1827 1556 1850 ³

356 1911 437 1996 giuti
453 1929 567 1996 peusis
583 1909 709 1994 pridem
736 1911 959 1998 inpignoratis
970 1963 980 1998 ,
1006 1921 1039 1979 et
1055 1913 1168 1980 deeem
1194 1913 1309 2002 pensis
1334 1931 1421 1978 nuno
1436 1932 1472 1977 ex

356 2039 441 2086 nonu
476 2037 536 2103 per
552 2018 689 2086 eundem
708 2021 821 2089 blikor
845 2023 1032 2108 persolutis,
1050 2020 1194 2090 reddidit
1219 2028 1252 2087 et
1266 2020 1472 2108 perpetnsnit

356 2125 420 2211 ipsi
437 2123 613 2194 Benedioto
629 2135 785 2212 perpetuo
803 2130 836 2194 in
852 2129 937 2198 filios
953 2128 1112 2214 filiorum,
1130 2128 1308 2212 obligando
1325 2147 1369 2208 se,
1389 2129 1471 2212 quod

358 2235 541 2318 quicunqne
557 2253 714 2318 prooessu
731 2243 908 2324 temporum
925 2235 1063 2304 eundem
1074 2253 1204 2304 seruum
1221 2236 1264 2300 ab
1281 2233 1400 2303 eodem
1417 2237 1471 2301 Be·

359 2341 487 2408 nedioto
505 2342 651 2427 inpetere
675 2351 907 2430 attemptaret,
932 2346 1004 2430 ipse
1030 2343 1278 2411 Bartholomeus
1304 2363 1364 2432 pro
1390 2363 1429 2410 se
1443 2351 1472 2410 et
1556 2361 1557 2376 t

359 2470 416 2538 pro
432 2449 510 2516 filiis
527 2451 594 2516 suis
610 2451 766 2538 expedire
781 2451 944 2518 tenebitur
960 2452 1100 2539 propriis
1118 2452 1287 2520 laboribus
1303 2459 1338 2518 et
1353 2472 1468 2540 expeu-

359 2561 416 2626 sis.
435 2557 520 2626 Hnio
536 2559 642 2625 eoiam
666 2559 854 2627 nendioioni
878 2567 913 2628 et
927 2559 1176 2649 perpetuationi
1200 2559 1370 2629 Jobannes
1394 2560 1472 2628 lilius
1557 2576 1558 2656 p

288 2699 291 2709 ·
360 2668 464 2734 Pasea
479 2667 580 2734 freter
595 2668 699 2754 ipsius
716 2669 940 2736 Bartholomei
964 2670 1059 2736 simul
1076 2689 1149 2737 eum
1174 2669 1287 2736 eodem
1305 2668 1472 2736 Bartholo·
1557 2677 1558 2746 ξ

360 2795 432 2842 meo
449 2775 693 2860 presencialiter
706 2797 818 2844 eoram
834 2778 928 2846 nobis
954 2779 1150 2845 constitutur
1175 2795 1368 2846 eonsensum
1386 2797 1472 2844 suum

360 2881 510 2948 adhibuit
526 2883 649 2967 pariter
665 2889 697 2950 et
714 2904 896 2952 assensum.
920 2887 957 2952 In
974 2887 1065 2952 euius
1082 2889 1129 2954 rei
1147 2887 1473 2970 memoriampresen·

360 2997 412 3057 tea
427 2992 648 3060 ooneessimus
659 2993 786 3058 litteras
798 2993 900 3075 sigilli
911 2993 1014 3060 nostri
1025 2995 1198 3061 munimine
1208 2995 1393 3062 roboratas.
1412 2994 1471 3058 Ds-

361 3105 430 3164 tum
446 3116 532 3164 anno
549 3096 681 3166 Domini
697 3099 821 3168 mccl
830 3097 972 3168 XXXX.

363 3291 498 3366 (Hirtya.
510 3323 546 3334 -
559 3293 586 3348 A
598 3291 664 3366 meg
682 3294 717 3366 dp
731 3297 831 3368 pectet
850 3295 930 3352 sehdr
949 3295 1080 3368 eel5men
1099 3293 1179 3368 sugg.
1196 3325 1224 3335 —
1242 3293 1473 3368 Poasonylrdpta·

433 3383 494 3440 lani
507 3383 643 3460 orratgos
657 3384 788 3443 levdlttr.
803 3386 898 3460 Capsa
911 3385 989 3444 XlV.
1003 3385 1089 3443 Faue.
1103 3387 1147 3442 10.
1161 3385 1208 3442 Nr.
1222 3385 1267 3440 37.
1288 3388 1405 3453 lineus.)

792 3683 1000 3694 -μ--ο--ι-ο,
1017 3681 1054 3690 -ι
