3094 5168
64 1221 162 1286 VIII.
179 1219 338 1304 Bouifdcz
346 1223 439 1305 pa‘pa
453 1216 558 1284 Jdrtos
565 1218 683 1303 judoci
691 1267 700 1300 ,
717 1219 748 1282 e's
763 1240 784 1281 c
798 1216 962 1282 odlcaztott
981 1215 1117 1302 epulator'
1134 1219 1179 1280 dr·-

57 1329 176 1396 aeknek
191 1328 377 1414 racgbupyja
385 1375 395 1406 ,
421 1327 498 1412 bopy
514 1347 535 1386 c
552 1324 700 1390 acbcniooc'
709 1326 848 1410 pttep‘o'ka'
871 1325 987 1408 mequi
1002 1323 1178 1387 roodcazdk.

577 1433 672 1497 1298.

172 1633 365 1701 Bonifacius
382 1633 565 1720 Episcopus
588 1649 702 1698 seruus
727 1649 893 1698 seruorum
910 1630 973 1696 Dei
999 1626 1181 1696 venerabili

61 1743 160 1812 fratri
179 1791 185 1804 .
204 1795 211 1809 .
229 1793 235 1804 .
252 1743 511 1827 Archiepiscopo
526 1739 681 1807 Jadrcnsi
691 1731 701 1824 ,
718 1749 751 1806 ct
767 1739 886 1809 dilecto
905 1740 973 1808 filio
991 1791 999 1806 .
1017 1790 1024 1806 .
1042 1789 1049 1802 .
1066 1740 1182 1806 Electo

60 1852 258 1940 spalatensi
293 1851 432 1918 salutem
460 1857 493 1916 et
518 1849 741 1933 Apostoiioam
766 1849 1038 1917 benedictionem.
1068 1847 1182 1914 Sacro-

60 1967 181 2028 sancta
195 1961 344 2024 Romana
360 1959 513 2025 Ecclesia
538 1965 725 2024 cunctorum
742 1965 847 2026 mater
871 1955 1015 2024 fidelium
1034 1965 1066 2022 et
1082 1955 1183 2040 magi·

61 2079 144 2153 stra,
162 2087 227 2152 qua
243 2087 384 2152 superne
402 2067 623 2152 dispositionis
640 2065 773 2134 arbitrio
789 2087 888 2153 super
905 2067 1076 2135 universas
1093 2063 1183 2134 orbis

63 2177 237 2244 Ecclesiae
254 2175 402 2243 obtinere
417 2174 598 2242 dinoscitur
614 2173 845 2260 principatum,
863 2181 983 2242 statum
993 2225 1002 2259 ,
1028 2172 1184 2240 conditio-

62 2307 125 2354 nes
143 2293 175 2353 et
202 2286 380 2368 qualitates
405 2285 549 2351 locorum
568 2291 599 2348 et
623 2295 803 2368 temporum
829 2282 965 2369 provida
991 2283 1183 2366 circumspe-

64 2396 175 2461 ctione
192 2392 390 2474 discutiens,
409 2393 568 2458 nonnulla
584 2394 728 2459 iocorum
745 2394 905 2478 ipsorum,
923 2411 1025 2460 causa
1040 2391 1184 2458 rationa-

63 2505 122 2571 bili
139 2501 319 2584 suadente,
344 2502 376 2566 in
393 2501 546 2568 civitates
563 2499 727 2566 interdum
745 2501 841 2584 erigit
856 2508 888 2566 ct
905 2499 1114 2584 Episcopalis
1130 2499 1183 2566 de·

64 2619 158 2680 corat
174 2612 327 2697 insigniis
352 2608 542 2694 dignitatis,
572 2609 685 2694 aliqua
705 2628 783 2676 vero
810 2628 976 2676 excausa
1001 2607 1184 2674 huiusmodi

63 2740 298 2804 nonnunquam
323 2717 479 2804 predictis
502 2718 610 2805 privat
636 2716 808 2803 insigniis,
834 2718 978 2800 utrisque
1003 2715 1184 2784 retribuens

63 2832 160 2898 iuxta
184 2849 316 2896 snorum
342 2826 540 2912 exigentiam
568 2825 762 2892 meritorum.
789 2825 897 2892 Habet
923 2825 1084 2908 siquidem
1109 2821 1184 2890 fide·

64 2939 166 3022 digne
193 2934 365 3004 relationis
391 2935 554 3018 assertio,
579 2933 667 3018 quod
682 2935 726 3002 ab
741 2933 816 3000 olim
840 2931 924 3000 inter
951 2933 1040 3000 cives
1060 2931 1184 3016 Tragu-

64 3047 206 3122 rienses,
222 3053 254 3112 et
270 3043 416 3109 homines
434 3043 512 3109 ville
528 3041 778 3119 Sobenicensis,
795 3041 829 3106 in
848 3041 1035 3126 Spalatensi
1052 3039 1184 3107 Provin-

63 3157 119 3222 cia
137 3153 332 3236 constitute,
358 3152 469 3238 gravis
486 3157 519 3218 ct
536 3151 723 3236 periculosa
746 3150 906 3220 dissensio
923 3151 1032 3217 adhuc
1048 3148 1183 3232 durans,

64 3285 106 3330 ea
124 3261 301 3332 occasione
318 3261 487 3348 potissime
503 3259 565 3328 fuit
584 3267 721 3339 exorta,
746 3259 831 3343 quod
856 3259 1057 3326 venerabilis
1083 3261 1184 3327 frater

64 3425 70 3438 .
90 3421 98 3438 .
119 3369 377 3454 .‘1¹raguriensis
393 3369 577 3456 Episcopus
603 3374 635 3435 at
652 3369 740 3436 cives
765 3367 922 3450 predicti,
947 3369 1061 3436 villam
1078 3369 1185 3455 ipsam

63 3480 193 3547 debere
208 3477 343 3546 subesse
359 3478 568 3561 asserebant,
585 3485 619 3543 et
634 3481 787 3544 asserunt
796 3474 1008 3561 Traguriensi
1025 3477 1183 3561 Ecclesia,

62 3607 103 3654 ac
120 3587 165 3652 de
182 3585 317 3654 Diocesi
334 3586 403 3654 eius
420 3604 515 3651 asse:
533 3584 670 3669 prefatis
687 3583 870 3651 homiuibus
886 3583 1018 3654 firmiter
1033 3605 1184 3654 asseren-

62 3696 156 3762 tibus
173 3713 214 3760 ex
231 3692 381 3778 adverso,
399 3693 581 3778 predictam
598 3692 710 3759 villam
726 3711 785 3758 nac
806 3690 908 3758 eidem
927 3693 1109 3760 subiectam
1125 3695 1186 3762 Ec·

62 3804 179 3883 clesie,
198 3819 302 3884 neque
319 3799 360 3866 de
377 3797 540 3885 (Diocesi)
556 3799 662 3883 ipsius
678 3799 747 3864 foro
764 3799 893 3882 dicunt,
921 3802 982 3870 sod
997 3801 1060 3868 sibi
1077 3804 1185 3889 potius

62 3910 234 3998 proprium
251 3909 364 3976 deberi
374 3909 582 3994 Episcopum,
601 3927 700 3992 saque
716 3909 887 3992 dignitatis
898 3909 1104 3998 Episcopalis
1116 3911 1185 3978 sore

61 4019 163 4089 titulo
180 4017 412 4086 decorandam.
437 4019 508 4086 Nos
524 4018 623 4104 igitur
639 4018 683 4084 ad
699 4037 813 4103 pacem
837 4018 977 4088 fidelium
994 4027 1027 4088 at
1042 4020 1184 4104 quietem

64 4137 210 4214 paterna
225 4127 445 4196 sollicitudine
461 4127 691 4213 intendentes,
717 4133 750 4194 et
765 4127 912 4196 volentes
929 4129 1101 4216 benignius
1118 4151 1183 4200 non

63 4234 197 4305 levibus
213 4237 392 4303 animarum
410 4243 443 4301 et
468 4255 640 4322 corporum
664 4237 797 4304 obviare
813 4238 985 4322 periculis,
1012 4259 1074 4322 que
1099 4240 1184 4306 inter

65 4349 160 4414 cives
177 4353 211 4411 et
227 4344 375 4412 homines
392 4345 600 4431 supradictos
615 4354 750 4432 possent
760 4395 768 4428 ,
786 4353 880 4430 prout
898 4348 1067 4433 asseritur,
1084 4368 1183 4418 occa-

65 4459 164 4522 sione
178 4453 365 4520 huiusmodi
383 4456 536 4538 evenire,
561 4454 716 4521 ucetiam
734 4455 904 4522 carissime
923 4457 958 4522 in
974 4456 1104 4524 Christo
1120 4454 1186 4524 fiiis

66 4570 182 4630 nostre
199 4563 311 4646 Maris,
328 4563 489 4630 consortis
507 4561 668 4626 carissimi
684 4563 718 4628 in
736 4560 864 4632 Christo
881 4562 941 4630 filii
956 4565 1062 4630 nostri
1078 4564 1187 4632 Caroli

65 4671 200 4742 Illusris
227 4672 324 4757 Regis
352 4671 483 4758 Sicilie,
510 4670 633 4754 Regino
650 4668 794 4756 Ungeric
811 4673 954 4742 Illustris
965 4720 974 4753 ,
1000 4691 1059 4739 aee
1076 4691 1139 4740 non
1157 4681 1189 4742 ab
