3082 5166
77 1137 107 1202 A
116 1139 273 1225 possonye'
287 1136 509 1224 lodptolcnnalc
527 1137 805 1226 hizorryadpleoelc,
831 1139 910 1226 bopy
934 1141 1067 1205 Moneo
1094 1141 1201 1227 Lipar-

76 1248 141 1310 nale
155 1248 201 1326 ,ta
216 1249 248 1311 ea
266 1245 429 1330 Oumpurd
444 1243 675 1333 Oumpurdnek
682 1247 734 1332 flu
757 1247 926 1312 Eodrdnelr
943 1247 1077 1334 Cbupnd
1084 1245 1203 1332 fidaok

76 1356 121 1418 20
137 1353 249 1440 ekdnyi
263 1349 473 1438 eadntdfdldet
488 1354 820 1441 erdcmdijozdaleepcn
839 1355 1089 1442 odomdnyoetolc
1105 1354 1203 1422 1300.

480 1555 520 1618 Δ.
628 1551 665 1617 Β.
775 1548 811 1618 0.

187 1711 355 1780 Vniuersis
371 1711 494 1780 Christi
512 1709 666 1780 fidelibus
677 1719 849 1798 presentes
867 1713 993 1782 litteras
1010 1715 1205 1800 inspecturis
1229 1761 1231 1766 ·

78 1821 268 1906 Capitulum
294 1819 442 1886 Ecclesia
462 1820 676 1887 Posoniensis
703 1819 875 1889 oraciones
900 1822 933 1888 in
958 1821 1100 1889 Domino
1125 1823 1207 1889 lesu

77 1929 224 1999 Christo.
253 1927 306 1994 Ad
321 1927 546 1995 uniuersorum
571 1927 729 1996 noticiam
755 1935 869 1998 tenore
893 1931 1098 2016 presencium
1115 1930 1206 1998 volu-

76 2057 150 2106 mus
166 2037 352 2124 peruenire,
370 2035 456 2118 quod
468 2035 644 2104 constititis
654 2039 874 2122 personaliter
884 2059 995 2108 coram
1014 2039 1109 2108 uobis
1122 2039 1206 2106 Lau-

75 2146 191 2215 reneio
208 2143 274 2212 filio
293 2140 434 2228 Lipoldi,
451 2149 484 2209 et
501 2140 665 2228 Gumpurd
682 2142 749 2211 lilio
766 2143 904 2213 Comitis
926 2145 1145 2232 (lhumpurdi,
1163 2147 1206 2212 ab

76 2275 146 2323 ons
163 2259 271 2340 parte,
289 2259 321 2318 et
336 2250 462 2318 Gemite
479 2251 613 2319 Andrea
637 2251 704 2319 filio
731 2252 889 2340 Ohugud,
907 2257 950 2322 ab
970 2256 1095 2339 altera,
1119 2252 1206 2319 idem

76 2361 283 2430 Laureneins
300 2366 332 2428 et
348 2359 515 2443 Oumpurd
541 2359 686 2428 confessi
711 2368 788 2429 sunt
806 2361 884 2429 uiua
901 2381 1003 2445 uoce,
1030 2361 1118 2446 quod
1144 2359 1209 2444 ipsi

78 2467 202 2557 uiginti
220 2468 334 2554 iugera
352 2473 510 2535 terrarum
527 2469 701 2536 arabilium
719 2468 760 2538 de
777 2477 866 2537 terra
881 2469 1025 2558 Lipoldi,
1044 2490 1116 2537 oum
1134 2487 1207 2554 pru-

76 2581 135 2665 tis,
155 2577 381 2663 arundinibus,
399 2583 432 2643 et
448 2577 734 2660 aquisZculeutou
748 2579 884 2664 uocatis,
901 2577 1083 2664 dedissent,
1098 2585 1209 2647 contu·

74 2689 211 2771 iissent,
227 2690 261 2752 et
276 2684 503 2767 tradidissent,
521 2684 672 2770 predicto
683 2685 801 2754 comiti
812 2687 955 2770 Andree,
972 2685 1108 2755 infilius
1125 2687 1207 2755 filio·

74 2819 151 2864 rum
179 2802 340 2882 perpetuo
356 2793 561 2882 possidenda
571 2847 580 2881 ,
606 2815 665 2882 pro
683 2795 835 2881 seruicijs
853 2803 885 2863 et
902 2795 1061 2865 effusione
1077 2795 1209 2882 sangui-

73 2907 131 2971 nis
149 2902 300 2970 eiusdem
317 2902 451 2970 Andrce
468 2900 566 2970 lactis
582 2922 641 2987 pro
658 2889 742 2989 ip'sis
759 2903 954 2989 Laureueio,
971 2911 1004 2972 et
1020 2903 1207 2990 Oumpurd3

74 3013 269 3102 obligando
285 3033 332 3096 se,
350 3011 799 3100 quodquiounqueprocessu
810 3020 992 3099 temporum
1009 3015 1118 3098 ipsum
1136 3007 1206 3082 An-

72 3126 194 3192 dream
213 3129 269 3189 aut
286 3139 380 3187 snam
397 3118 646 3205 posteritatem,
672 3119 805 3189 racione
824 3119 971 3205 predicte
997 3127 1082 3188 terre
1108 3121 1208 3188 uellet

69 3234 241 3319 inpetere,
259 3229 314 3298 uel
330 3247 464 3312 uexere,
481 3247 522 3295 ex
538 3235 617 3296 tuno
633 3227 737 3315 ijdcm
755 3229 978 3314 laurencius,
996 3235 1029 3295 et
1044 3227 1209 3314 Oumpurd

71 3343 273 3408 tenerentur
289 3355 347 3404 eos
374 3335 532 3425 expedire
547 3337 690 3424 proprijs
707 3337 775 3406 suis
801 3335 969 3404 laboribus
993 3344 1026 3404 et
1042 3337 1208 3426 expensis.

68 3453 169 3516 Mete
185 3452 301 3515 autem
317 3443 421 3530 ipsius
438 3449 537 3529 terre,
562 3444 647 3512 sicut
663 3445 759 3513 nobis
776 3441 944 3529 dixerunt,
972 3443 1020 3511 sio
1036 3443 1211 3530 distingui·

68 3563 137 3642 tur,
158 3554 250 3641 quod
267 3553 431 3640 incipiens
448 3559 576 3621 eterra
600 3553 677 3620 uille
693 3553 827 3639 Luche,
843 3573 864 3620 a
880 3560 973 3638 parte
990 3550 1211 3636 meridionali,

66 3663 175 3736 uadit
190 3661 308 3749 Lipolt
322 3657 467 3727 Grektoa
483 3665 635 3729 uocatam
661 3679 683 3726 a
699 3658 762 3726 fiue
779 3655 928 3727 inferiori
937 3707 946 3742 ,
974 3664 1007 3726 et
1022 3656 1101 3726 inde
1115 3657 1211 3726 uadit

65 3769 236 3861 superios
252 3767 297 3836 ad
313 3768 444 3835 domurn
461 3765 544 3848 Kiz,
570 3773 603 3834 et
619 3764 664 3832 ibi
681 3771 732 3833 est
747 3764 845 3834 uallis
861 3770 896 3832 et
911 3765 961 3834 sio
985 3765 1210 3836 terminantur.

63 3889 106 3953 Iu
126 3877 233 3967 cuius
248 3875 298 3945 rei
315 3877 506 3944 memoriam
523 3881 556 3944 et
579 3881 773 3962 perpetuam
788 3873 975 3942 firmitatem
1000 3875 1045 3943 ad
1070 3873 1209 3962 peticio·

63 4013 150 4060 nem
170 3983 470 4070 utriusquepartis
496 3989 666 4070 presentes
682 3989 813 4049 nostras
839 3983 1065 4052 concessimus
1081 3983 1211 4050 litteras

62 4093 183 4183 sigilli
202 4093 308 4160 nostri
334 4089 517 4159 munimine
542 4089 726 4160 roboratos.
750 4092 872 4160 Datum
896 4089 930 4156 iu
956 4090 1082 4159 octaris
1098 4090 1212 4175 Pasce,

62 4225 161 4276 anno
180 4199 322 4271 Domini
337 4201 380 4266 Μ.
401 4197 493 4267 000.

62 4419 220 4494 (Ηάήγα.
239 4415 268 4470 Α
286 4411 353 4486 mdg
372 4412 408 4487 ep
426 4409 528 4484 pecsdt
546 4408 630 4469 feher
648 4410 810 4470 riolarnlnli
828 4413 960 4472 selnmen
978 4413 1039 4489 fug.
1067 4413 1210 4487 Persony.

98 4505 275 4583 kdptalsni
289 4503 426 4577 orentgos
438 4501 573 4562 loveleti.
583 4501 681 4574 Capsa
689 4501 767 4561 XIV.
778 4504 862 4566 Fara.
876 4506 1039 4566 11.N10‚5,
1054 4509 1175 4572 muz.)
