3094 5168
557 358 732 468 Α,

70 564 247 650 publicam,
265 584 324 650 per
339 583 436 648 quam
453 565 517 631 itm·
533 565 566 630 iu
583 563 723 649 Bugdan
741 566 784 633 ad
810 567 1009 650 aquilonem,
1026 587 1085 655 per
1099 589 1198 653 quam

70 673 221 757 regirans
238 673 284 739 ad
309 673 447 759 primam
475 679 594 742 metam
622 683 655 740 et
682 674 729 741 ibi
743 677 947 743 terminatur.
966 676 1086 744 Datum
1106 679 1199 746 Bnde

70 783 214 866 septima
232 781 286 846 die
306 779 498 847 festiuitatis
514 783 611 848 Beati
627 781 747 850 Jaocbi
771 784 927 870 Apostoli
953 804 1039 852 anno
1064 785 1199 852 Domini

69 889 247 957 millesimo
265 887 492 955 ducentesimo
509 889 723 974 nonagesimo
742 910 838 958 nono.

263 1083 413 1156 (Eredetie
427 1099 444 1138 a
456 1081 618 1156 veszprcmi
631 1081 773 1156 lrtiptalen
785 1083 1009 1156 leveltiriban.)

515 1361 764 1370 ——m

69 2107 182 2172 istosin
198 2104 417 2192 alcrszdpbiro
430 2109 616 2194 mepltcpyja
632 2130 654 2170 a
669 2109 760 2172 vocet
775 2107 1005 2193 ucptatauuat,
1024 2105 1136 2193 bopya
1152 2108 1198 2172 lci-

68 2215 159 2300 salpi
173 2215 206 2278 ec
222 2213 379 2301 ltciptalcut
395 2213 533 2280 emberelc
542 2265 551 2298 ,
569 2213 657 2279 Zellb'
671 2213 825 2302 belyeepet
841 2218 873 2281 aa
887 2215 1076 2284 tortczeltait
1092 2235 1113 2278 c
1122 2212 1201 2298 ftilcl
1300 2225 1313 2244 ⁶

258 2325 368 2390 aziaco
385 2323 583 2390 caementata
598 2346 675 2411 mcp.
696 2326 794 2389 1299.
810 2325 946 2393 omont.
964 2327 1017 2390 25.

182 2519 306 2588 Amicis
323 2522 402 2604 suis,
420 2519 574 2606 Capitnlo
586 2522 748 2605 vaciensi,
767 2522 883 2589 Comes
895 2522 1097 2608 Stephanus,
1109 2524 1202 2590 Vice-

71 2626 186 2694 iudex
213 2627 310 2696 Curie
336 2628 461 2695 domini
476 2629 577 2714 Regis
603 2630 788 2696 amiciciam
805 2637 968 2715 paratam.
992 2629 1079 2708 Quia
1104 2632 1202 2700 Nico·

70 2737 150 2800 laus
164 2735 251 2803 filius
267 2737 359 2818 Ivan,
377 2743 411 2800 et
429 2734 603 2804 Ladislaus
618 2738 705 2803 lilius
725 2737 857 2804 Ivaulra
874 2737 915 2803 de
931 2737 1043 2805 chew
1052 2786 1061 2822 ,
1088 2743 1203 2804 contra

73 2843 239 2910 Comitem
256 2844 359 2927 Byter
369 2893 377 2926 ,
394 2843 600 2929 Nycolaum,
617 2843 803 2911 iohannem
819 2850 852 2908 et
868 2843 998 2928 iratres,
1015 2843 1100 2910 filios
1117 2845 1200 2910 eius-

73 2951 153 3016 dem
170 2949 308 3016 Comitis
325 2951 434 3037 Byter,
452 2951 485 3018 in
502 2951 655 3018 undecim
668 2949 804 3036 jutlicijs
821 2957 897 3018 sunt
913 2950 1063 3035 conuicti,
1089 2958 1121 3016 et
1137 2971 1197 3034 prc

70 3055 204 3125 eisdem
217 3056 365 3144 judicijs,
383 3079 424 3124 ac
440 3061 572 3128 racione
590 3058 669 3127 facti
684 3059 880 3143 principalis
896 3057 998 3145 ijdem
1017 3055 1075 3143 lilij
1093 3057 1199 3125 Comi·
1295 3053 1297 3058 ’

69 3167 117 3232 tis
135 3165 242 3250 Byter
259 3164 292 3229 in
308 3165 553 3248 possessionem
580 3167 764 3234 eorumdem
781 3165 881 3232 Zeten
897 3173 1060 3246 vocatam,
1087 3167 1201 3243 semel,

68 3272 123 3340 bis
141 3277 176 3338 ct
191 3271 295 3338 tercio
312 3271 458 3358 legitime
475 3273 651 3341 introducti
668 3275 816 3362 luerunt,
833 3292 895 3342 nec
911 3275 1015 3339 eciam
1030 3273 1201 3359 Nycolaus

68 3398 111 3446 ac
130 3379 314 3448 Ladislaus
331 3379 471 3464 predicti
496 3379 538 3447 ad
556 3379 694 3465 Regiam
711 3381 916 3464 presenciam
942 3381 1053 3446 uenite
1066 3399 1200 3446 caranc-

67 3493 148 3553 runt
158 3534 167 3567 ,
197 3485 271 3553 iura
287 3493 321 3554 ct
337 3487 430 3573 leges
446 3489 578 3572 penitus
603 3495 890 3573 contempnentes,
918 3493 1016 3572 prout
1031 3487 1065 3552 in
1082 3485 1201 3554 litteris

65 3591 198 3662 exinde
217 3592 376 3662 confectis
393 3613 452 3678 per
469 3594 627 3662 Comitem
639 3596 837 3662 Hermanum
854 3594 1027 3660 officialem
1044 3593 1202 3661 dictorum

64 3703 215 3770 fratrum
231 3698 368 3769 Comitis
385 3703 496 3787 Byter,
514 3722 573 3787 pro
591 3701 714 3769 eisdem
731 3699 871 3770 dominis
888 3701 956 3770 suis
972 3699 1138 3787 exhibitis,
1155 3699 1203 3768 vt·

65 3810 183 3877 dimus
202 3809 333 3896 plenius
351 3811 533 3894 contineri,
560 3811 748 3878 amiciciam
764 3817 907 3878 vestram
924 3809 1119 3892 requirimus
1137 3807 1208 3874 dili·

65 3923 214 4004 genter,
242 3925 407 4000 quatenus
434 3917 570 3987 mittatis
595 3917 760 3985 hominem
786 3923 931 3985 vestrum
956 3916 1122 4004 ydoneum
1148 3935 1207 4000 pro

66 4027 282 4104 testimonio,
299 4026 332 4092 in
351 4026 444 4093 cuius
462 4033 641 4112 conspectu
660 4024 837 4093 Ladislaus
853 4023 940 4092 filius
957 4023 1091 4112 Danylr‚
1109 4022 1206 4090 homo

66 4134 203 4201 domini
220 4135 345 4221 Regis,
371 4132 448 4200 item
466 4134 608 4201 Comites
624 4133 706 4201 Jurk
727 4133 812 4201 lilius
831 4129 1010 4217 Stephani,
1025 4129 1157 4197 Daman
1174 4125 1209 4191 li·

65 4243 135 4310 lius
152 4239 314 4324 Buzzad,
330 4238 447 4325 Hegen
464 4238 552 4306 tilius
568 4238 701 4326 Haym,
727 4247 759 4306 et
776 4239 894 4306 Comes
914 4235 1095 4324 Dyonisins
1120 4233 1207 4301 lilius

67 4349 161 4420 Jurk
190 4347 403 4414 estimatorcs
430 4345 591 4413 accedant
609 4365 707 4432 super
730 4343 850 4413 faciem
876 4345 961 4412 dicto
987 4343 1209 4429 possessionis

66 4454 225 4543 Nycolai
241 4461 275 4520 et
291 4451 560 4524 LadislaiZeler
584 4457 720 4536 uocate,
747 4449 888 4516 videndo
906 4457 939 4516 et
964 4449 1208 4518 considerando

64 4565 240 4633 utilitates
257 4561 437 4629 addemum
454 4561 606 4628 estiment
623 4558 765 4626 eandem
782 4578 855 4624 cum
872 4558 1066 4625 utilitatibus
1084 4565 1117 4624 et
1135 4575 1208 4641 per·

122 4791 560 4840 nouuu.truuc.nrsu.u1ru.-tc.
1004 4773 1045 4837 16
