3082 5166
615 1084 688 1152 llo.

114 1351 273 1439 Motofiao‘
288 1356 320 1419 do
335 1377 356 1420 a
380 1354 512 1443 teporo
536 1359 705 1442 oemzetsdq
720 1355 849 1420 emberoi
873 1356 995 1442 Tarpeio
1012 1353 1114 1420 birtok
1125 1352 1220 1440 felelt
1271 1329 1274 1340 .

179 1483 216 1527 oz
231 1465 411 1552 mztmpami
425 1461 580 1551 keptalau
595 1463 667 1531 elb'tt
682 1461 899 1550 eyyezkedoek.
921 1463 1153 1528 1290-1301.

212 1735 281 1802 Nos
298 1733 337 1800 G.
354 1733 543 1820 Propositus
562 1730 797 1823 etsscapilulum
813 1733 962 1802 Eoolesie
987 1731 1221 1818 Strigonionsis

117 1839 223 1909 danus
238 1863 298 1927 pro
315 1843 492 1927 memoria,
510 1843 598 1928 quod
615 1863 687 1910 oum
704 1843 789 1910 inter
803 1841 997 1926 liubanem,
1013 1841 1224 1910 Marbardum

119 1957 146 2016 et
160 1949 271 2018 ldohor
295 1949 381 2019 filios
396 1951 493 2018 bloba
510 1933 562 2020 ao
578 1950 812 2038 genoraeiones
837 1970 947 2020 eorum
973 1969 1013 2017 ex
1027 1970 1093 2019 vna
1116 1959 1221 2036 parte,

115 2055 276 2127 Nicolaum
293 2059 394 2128 filium
410 2059 529 2148 Myke,
553 2058 729 2127 Martinam
745 2059 845 2126 lilium
863 2061 992 2148 Mysos,
1008 2059 1107 2149 Myke
1123 2059 1226 2126 filium

121 2164 250 2255 Naney,
276 2169 423 2257 Moysen
438 2171 540 2238 filium
556 2167 699 2256 Thone,
725 2169 897 2237 Nicolaum
913 2177 945 2239 et
969 2171 1126 2240 Jaoobum
1142 2169 1226 2236 filios

122 2273 230 2358 Opooh
255 2275 296 2343 de
321 2297 441 2364 genere
467 2278 607 2366 Vigman
632 2300 674 2346 ex
693 2281 816 2363 altera,
843 2298 942 2366 snper
966 2280 1063 2346 terris
1088 2274 1226 2347 Oanzeri

116 2380 220 2452 fratris
235 2388 403 2474 ipsorum,
433 2407 514 2472 quas
531 2390 669 2456 interra
685 2386 807 2457 Tarian
823 2396 889 2455 tam
907 2409 948 2454 ex
969 2388 1151 2458 donacione
1167 2389 1227 2454 Re-

115 2491 176 2576 gia,
194 2513 289 2578 quam
317 2495 410 2565 titulo
437 2498 614 2583 empeionis
641 2498 850 2584 possederat,
871 2517 980 2566 eoram
1006 2497 1166 2584 magistro
1191 2496 1228 2563 L.

115 2597 225 2668 Judioe
240 2601 338 2670 Curis
354 2602 476 2672 domini
494 2605 604 2692 Regis,
622 2604 748 2674 (lenite
765 2607 963 2694 Zaladiensi,
978 2615 1093 2674 exortu
1112 2605 1230 2672 fuisset

116 2712 247 2780 materia
263 2714 453 2800 questionis,
470 2721 503 2780 et
520 2714 635 2784 eodem
647 2713 762 2802 jndioe
779 2714 998 2800 permittente,
1014 2715 1127 2782 taliter
1142 2715 1227 2781 inter

113 2826 221 2906 partes
248 2822 411 2890 extitisset
438 2823 647 2892 ordinatum:
673 2823 765 2904 Quod
790 2825 869 2890 dieti
894 2821 953 2910 filij
977 2822 1077 2889 Moha
1106 2830 1226 2889 terram

113 2927 253 2997 eiusdem
270 2929 306 2998 0.
317 2981 327 3017 ,
344 2949 441 3013 quem
458 2951 505 3023 ex¹
517 2933 698 3002 donatione
726 2929 831 3018 Regia
856 2931 1062 3014 obtinuerat,
1089 2927 1227 3015 prefatis

112 3037 246 3107 Nieolao
272 3047 305 3106 et
330 3079 373 3090 -
398 3077 442 3089 -
469 3042 537 3110 suis
562 3043 774 3124 reliquissent
798 3039 936 3126 paoifioe
970 3037 1227 3126 possidendam

111 3145 206 3212 aliam
223 3167 302 3216 uero
319 3149 566 3234 porciunculam
582 3148 728 3217 eiusdem
744 3156 829 3215 terre
839 3199 848 3234 ,
874 3167 975 3231 quam
1002 3147 1087 3215 idem
1103 3147 1137 3214 O.
1154 3163 1229 3230 pos·

112 3254 241 3321 sederat
263 3255 355 3322 tilulo
379 3257 568 3341 empoionls,
593 3256 707 3325 domos
722 3292 765 3304 -
782 3292 826 3306 -
845 3258 880 3324 in
907 3257 1022 3325 eadem
1043 3261 1133 3322 terra
1160 3253 1226 3322 oxi-

110 3370 232 3430 stentes
256 3363 399 3447 predioti
421 3365 577 3434 Nioolaus
603 3373 636 3431 et
659 3366 739 3452 sooij
764 3368 814 3434 sui
840 3385 912 3433 oum
937 3370 1075 3450 quatuor
1109 3361 1229 3430 mareis

109 3472 212 3537 minus
239 3469 364 3538 fertone
396 3471 430 3538 in
454 3473 628 3556 quindenis
661 3474 775 3542 Sanoti
802 3475 974 3542 Miohaelis
1000 3471 1105 3540 adse
1139 3470 1226 3538 redi·

109 3596 195 3644 mere
211 3575 374 3645 deberent
385 3598 496 3647 eoram
512 3581 627 3666 nobis,
652 3581 771 3666 partim
788 3583 822 3650 in
838 3583 987 3668 denarijs
1002 3577 1224 3661 statualibus,

109 3686 230 3772 partim
246 3686 281 3753 in
297 3685 442 3773 denarijs
459 3692 679 3778 manutentis3
707 3699 740 3758 et
757 3711 836 3778 pars
853 3692 894 3760 de
910 3695 974 3760 ista
989 3688 1229 3777 eomposioiono

111 3794 263 3862 resiliens
282 3793 316 3859 in
333 3795 435 3880 duplo
451 3797 539 3866 dioto
559 3799 699 3884 pecunie
718 3807 912 3887 remaneret,
936 3807 1033 3884 prout
1055 3799 1089 3864 in
1112 3799 1229 3864 litteris

115 3902 236 3987 prelati
257 3903 379 3989 Judiois
403 3903 543 3974 vidimus
568 3906 746 3996 contineri5
770 3909 918 3996 partibus
946 3911 978 3973 ln
1001 3906 1149 3993 predioto
1168 3911 1229 3972 ler-

118 4013 203 4080 mino
232 4031 344 4104 eoram
369 4014 464 4082 nobis
489 4017 692 4101 eonstitutis,
725 4017 884 4103 sepedioti
912 4017 1070 4085 Nieolaus
1093 4019 1126 4080 et
1148 4014 1229 4100 soolj
1295 4025 1297 4032 '

116 4124 165 4188 sui
190 4121 307 4208 parali
330 4127 424 4190 erant
438 4124 620 4209 peouniam
647 4126 776 4194 soluere
798 4130 1029 4208 memoratam,
1055 4143 1152 4208 quam
1175 4140 1231 4188 no·

112 4229 160 4297 bis
184 4235 483 4318 presentauornnt,
507 4239 540 4299 et
563 4213 707 4304 adversa
728 4253 805 4322 pars
828 4252 865 4302 se
889 4234 938 4302 eis
962 4232 1005 4302 ad
1028 4215 1230 4302 satlslaooio-
1302 4225 1306 4233 ’

114 4359 187 4407 nem
212 4337 395 4425 oflerebat3
420 4341 480 4409 sed
504 4341 620 4411 Petrus
643 4341 729 4425 filius
752 4344 870 4430 Tynan
889 4363 1011 4431 prose,
1034 4350 1068 4409 et
1085 4340 1231 4408 Abraam

118 4450 273 4522 Ecolesie
296 4453 407 4517 nostro
429 4450 666 4536 prebendarius
697 4473 757 4538 pro
780 4451 925 4539 Egregie
957 4451 1059 4518 fratre
1082 4448 1230 4518 eiusdem

113 4563 202 4632 Petri
229 4578 341 4632 eorem
358 4565 453 4635 nobis
477 4561 653 4651 constituti,
671 4565 850 4651 predictum
868 4565 1069 4629 eontraotum
1085 4558 1230 4630 inhibue-
