3130 5158
906 389 1007 400 ---.-ι

371 499 406 562 ιι
420 491 520 565 thom
530 495 724 568 dliclbonis
739 496 861 567 bomini
877 503 999 586 nortm,
1009 517 1102 567 suum
1117 493 1235 566 duent
1246 495 1486 582 testimonium,

368 621 477 672 eorem
492 623 565 690 quo,
582 607 669 676 idem
686 607 809 675 Jbones
824 605 1044 675 reambularet
1058 605 1181 674 dietam
1190 611 1321 694 terram,
1337 613 1371 676 ct
1386 607 1420 674 si
1436 608 1485 674 in·

369 711 497 780 ueniret
520 731 593 780 eam
619 712 664 782 ad
688 723 834 784 nostram
860 713 1072 784 collacionem
1098 713 1330 802 pertinentem,
1357 721 1487 782 statuet

369 817 515 904 predicto
531 821 699 908 Stephano
714 821 844 890 nemine
862 820 1101 893 contradictore
1123 825 1303 907 existente,
1320 824 1485 892 contradi-

371 939 477 1003 ctorcs
492 953 580 1021 uere,
597 932 698 1018 siqui
715 935 832 1017 loreut,
855 935 898 1002 sd
913 941 1058 1002 nostram
1075 931 1276 1019 presenciam
1295 942 1485 1002 enecarent

369 1039 463 1122 Quod
478 1040 608 1124 quidem
618 1041 802 1128 Capitulum
818 1041 911 1110 nubis
925 1039 1131 1128 postmodum
1147 1041 1385 1129 rescripserunt
1400 1039 1485 1130 (ige)

369 1149 475 1218 iubeo
491 1150 604 1218 uerba.

476 1257 758 1328 Excellentissimc
773 1257 904 1328 domino
920 1277 990 1344 suc,
1006 1257 1138 1328 Andree
1154 1256 1217 1326 Dei
1232 1259 1347 1344 grecis
1363 1258 1486 1327 illustri

369 1367 452 1450 Regi
468 1365 636 1454 Hungaric
651 1365 835 1452 Capitulum
851 1367 1006 1436 Albensis
1022 1367 1173 1435 Ecclesie
1189 1367 1430 1436 dranssitnsne
1442 1368 1485 1432 in·

370 1474 581 1544 clinacionem
597 1480 630 1544 et
646 1475 830 1545 oracionem
841 1475 874 1541 iu
890 1475 1041 1562 Domino,
1057 1474 1186 1546 debitas
1202 1481 1236 1542 et
1250 1473 1401 1545 denotas.
1420 1475 1485 1541 Lit-

371 1589 461 1652 teras
477 1589 586 1652 uestre
602 1583 798 1652 serenitatis
813 1581 995 1670 recepimus
1018 1583 1050 1652 in
1067 1583 1129 1652 beo
1146 1587 1270 1653 uerba:

475 1691 625 1762 Andreas
640 1691 703 1762 Dei
729 1691 843 1779 grecia
858 1691 928 1760 Rex
952 1693 1140 1780 Hungurie,
1166 1691 1317 1760 fidelibus
1332 1693 1411 1776 suis,
1429 1692 1484 1759 Oa·

369 1801 471 1891 pitulo
494 1803 649 1872 Albensis
674 1802 822 1872 Ecclesie
848 1801 1087 1872 lbenssiluene
1111 1804 1303 1872 salutemet
1327 1802 1482 1889 graciam.

370 1910 555 1998 Stephanus
571 1912 660 1980 dlius
676 1909 803 1979 llatbei
819 1909 861 1978 de
877 1909 969 1980 Chen
996 1911 1158 1994 quandam
1174 1918 1295 1979 terram
1314 1910 1416 1977 castri
1432 1931 1482 1976 nc·

370 2018 488 2087 stride
512 2020 627 2088 Zonulr
643 2021 760 2087 Kereus
783 2025 934 2088 uocatam
955 2019 1072 2105 petivit
1086 2039 1108 2086 a
1123 2020 1219 2086 nobis
1243 2017 1307 2088 sibi
1323 2017 1409 2104 deri,
1426 2015 1483 2084 sed

373 2129 452 2212 quia
467 2131 588 2198 ueritas
605 2129 649 2198 de
663 2129 792 2214 prefata
802 2135 890 2198 terra
906 2131 999 2198 nobis
1016 2149 1083 2198 non
1100 2135 1352 2205 constatvtrum
1370 2125 1415 2195 ad
1430 2147 1481 2190 nc-

371 2244 471 2306 strem
488 2234 649 2322 pertineat
674 2235 888 2330 collacionem
903 2257 964 2306 nec
980 2257 1032 2324 ne,
1050 2235 1199 2308 fidelitati
1215 2243 1323 2304 uestre
1339 2235 1480 2322 precipi-

371 2345 455 2413 endo
472 2341 679 2426 mandamns,
696 2351 856 2428 quutenus
873 2345 1009 2413 mittatis
1025 2345 1189 2414 bominem
1204 2355 1348 2414 uestrum
1364 2365 1425 2432 pro
1440 2353 1480 2408 te-

371 2451 542 2536 stimonio,
567 2472 677 2520 coram
702 2473 766 2536 quo
791 2451 917 2520 Jboues
942 2450 1026 2520 filius
1052 2452 1170 2522 chnis
1187 2453 1228 2521 de
1245 2451 1369 2532 Erkod,
1386 2451 1479 2518 bomo

370 2569 502 2644 noster,
519 2561 658 2629 accedat
680 2561 725 2630 ad
751 2561 869 2630 facicm
885 2560 973 2628 dicte
988 2569 1084 2640 terre,
1095 2569 1128 2627 et
1144 2561 1324 2630 reembulet
1337 2559 1479 2638 eandem,

371 2670 538 2756 strideat,
554 2670 584 2736 si
599 2678 743 2738 nostram
761 2671 975 2738 collacionom
1003 2671 1167 2757 pertineat
1182 2690 1241 2740 nec
1260 2690 1314 2752 ne,
1329 2679 1405 2757 post
1422 2669 1480 2736 boo

373 2785 483 2845 autem
501 2777 689 2862 qualitatem
714 2779 820 2866 ipsius
843 2786 929 2846 terre
954 2785 986 2846 et
1001 2779 1216 2862 quantitatem
1230 2777 1324 2844 nobis
1345 2777 1481 2844 fideliter

373 2886 571 2956 rescribatis.
588 2887 709 2953 Datum
734 2885 890 2970 strigonii
905 2885 988 2954 seria
1003 2892 1100 2954 sexta
1116 2887 1264 2972 proxima
1279 2893 1353 2954 ante
1368 2887 1480 2953 festum

371 2995 561 3064 Natiuitatis
577 2993 680 3062 Beate
698 2993 854 3081 Virginis.

476 3103 547 3170 Nos
563 3102 649 3170 enim
664 3103 827 3190 perceptis
843 3100 961 3171 litteris
977 3101 1180 3189 obedientes,
1191 3109 1225 3170 ut
1241 3113 1395 3186 tenemur,
1414 3121 1479 3168 cum

373 3211 461 3281 dicto
484 3211 619 3280 homine
645 3220 754 3280 uestro
780 3233 821 3282 ex
845 3212 944 3280 uobis
968 3213 1114 3280 misimus
1131 3233 1190 3297 pro
1210 3211 1414 3294 testimonio,
1431 3209 1480 3291 qni

373 3339 525 3388 reuersus
542 3319 636 3390 nobis
646 3321 926 3408 dixitrequisitns,
938 3321 1025 3406 quod
1035 3323 1108 3406 ipso
1125 3329 1279 3407 presente
1294 3320 1480 3388 idemhcmo

372 3437 492 3515 uester,
510 3449 609 3517 super
624 3430 743 3500 faciem
758 3437 938 3500 memorate
955 3439 1041 3500 terre
1057 3429 1255 3514 accedendo,
1273 3436 1308 3497 ut
1322 3428 1480 3498 sciscitari

374 3539 488 3625 potuit,
506 3539 643 3608 eandem
669 3540 795 3610 invenit
819 3539 866 3606 ad
878 3529 1022 3610 nestram
1038 3539 1251 3610 collacionem
1266 3537 1437 3626 pertinere,
1452 3543 1480 3602 et

375 3665 449 3715 esse
466 3645 670 3718 suficientem
685 3647 730 3714 ed
745 3645 857 3715 decem
873 3653 993 3716 aratra.

479 3755 547 3824 Nos
565 3755 662 3838 igiter
682 3753 898 3824 consideratis
914 3755 1126 3828 fidelitatibus
1142 3765 1176 3826 et
1194 3757 1405 3828 seruiciorum
1423 3774 1478 3822 me-

375 3862 448 3930 ritis
465 3864 567 3950 ipsius
582 3863 641 3948 St,
658 3883 721 3948 que
737 3863 833 3932 nobis
858 3864 892 3930 in
908 3866 1048 3934 diuersis
1064 3865 1229 3949 articulis,
1247 3873 1282 3932 et
1298 3865 1479 3932 marineio

375 3970 582 4058 expeditione
599 3979 732 4058 nostre,
760 3991 855 4054 quem
872 3981 985 4044 contre
1001 3975 1166 4042 dominum
1181 3975 1350 4044 Albcrtum
1365 3978 1479 4042 Ducem

374 4081 506 4150 bustric
522 4087 555 4147 et
570 4079 671 4148 Stirie
687 4101 726 4148 co
744 4087 892 4168 tempore
916 4091 1061 4152 nostrum
1077 4092 1110 4150 et
1126 4086 1231 4172 Regni
1248 4085 1351 4152 nostri
1367 4083 1480 4169 capita·

375 4190 439 4256 lern
455 4188 619 4256 inimicum
634 4185 817 4277 habuimus,
833 4190 983 4258 exhibuit
1008 4199 1041 4259 et
1056 4192 1232 4279 impendit,
1253 4193 1308 4262 ubi
1324 4189 1481 4277 predictus

375 4299 422 4366 St.
439 4299 498 4364 sub
519 4297 652 4364 civitate
677 4297 857 4386 Viennensi
882 4308 998 4368 contre
1014 4307 1141 4386 purtem
1160 4301 1335 4370 aduersam
1353 4297 1482 4366 uiriliter

377 4405 537 4476 dimicans
553 4407 695 4476 letaliter
721 4407 829 4477 extitit
844 4407 1022 4493 sauciatus,
1038 4407 1072 4473 in
1089 4410 1427 4494 recompensacionem
1441 4415 1482 4473 tot

377 4521 411 4580 et
424 4519 587 4584 tantorum
607 4515 818 4586 seruiciorum
842 4537 971 4586 sucrum
996 4517 1175 4602 aliqualem
1190 4518 1356 4605 copiosam
1371 4527 1481 4587 terrun

376 4619 496 4692 Kereus
514 4625 612 4694 castri
628 4625 732 4694 nostri
757 4625 800 4695 de
826 4626 953 4713 Zonok,
970 4647 1043 4696 cum
1061 4627 1212 4698 omnibus
1237 4625 1432 4700 utilitatibus
1455 4634 1481 4695 et
