3094 5168
333 1143 475 1212 Denreter
486 1148 639 1232 possonyu'
654 1148 685 1210 es
698 1146 830 1230 zolyorni
846 1147 938 1232 ἐφύη
958 1167 979 1208 o
993 1144 1116 1231 kiretyi
1130 1146 1305 1231 solymosok
1313 1143 1448 1229 sutttttl

509 1252 654 1340 elsoqlrdt
664 1251 717 1338 fet
734 1253 844 1338 εἰπέ-πρέ
851 1249 962 1336 strider
977 1253 1157 1319 uiaazuite‘li.
1174 1255 1272 1318 1297.

440 1451 508 1519 Nos
525 1453 681 1539 magister
696 1449 883 1519 Demetrius
908 1451 1025 1518 Comes
1042 1451 1254 1521 Posoniensis
1280 1459 1314 1518 et
1337 1450 1378 1518 de
1392 1450 1444 1517 Zo-

333 1561 410 1644 lum,
426 1560 542 1644 quibus
558 1561 691 1646 expedit
707 1559 929 1642 significamus
944 1560 1117 1644 uniuersis,
1136 1562 1223 1645 quod
1238 1580 1300 1630 nos
1315 1561 1360 1628 ad
1376 1579 1443 1644 spe-

333 1667 418 1737 oiale
443 1668 629 1736 mandatum
655 1667 777 1734 domini
803 1669 906 1736 nostri
930 1668 1062 1736 Andree
1088 1668 1150 1732 Dei
1175 1669 1290 1754 gracia
1311 1668 1443 1736 illustris

332 1779 431 1863 Regis
447 1777 614 1862 Hungario
635 1778 798 1859 quandam
815 1777 1011 1861 particulam
1036 1789 1122 1846 terre
1139 1779 1298 1846 eultiuate
1324 1776 1443 1861 dimidij

333 1887 433 1954 aratri
449 1887 662 1954 sufficientem
680 1887 722 1954 de
747 1895 835 1953 terra
851 1886 1106 1956 falconarlorum
1122 1889 1226 1972 ipsius
1253 1888 1375 1956 domini
1391 1888 1444 1952 Re-

333 1995 386 2079 gis
402 1997 435 2062 in
452 1996 559 2082 Lypto
576 1995 803 2080 existenoium,
822 2017 883 2079 quo
900 2017 958 2080 per
975 1997 1169 2083 Gregorium
1181 1996 1328 2063 indebito
1348 1997 1445 2063 fuerat

333 2111 503 2188 oouupata,
520 2105 563 2172 ab
580 2107 697 2172 eodem
709 2107 868 2188 Gregorio
885 2107 1063 2173 auferendo
1081 2107 1279 2176 restituimus
1295 2105 1444 2191 magistro

333 2211 477 2280 Johanni
490 2212 637 2299 Gallico,
665 2219 761 2299 prout
785 2212 817 2276 in
835 2213 939 2297 ipsius
956 2203 1073 2282 litteris
1099 2234 1138 2284 ao
1164 2214 1388 2280 instrumentis
1404 2213 1444 2278 di·

334 2320 440 2389 uersis
456 2321 551 2386 nobis
568 2320 701 2387 exibitis
718 2321 849 2406 plenius
860 2321 1002 2388 vidimus
1019 2322 1189 2390 contineri.
1206 2320 1325 2388 Datum
1343 2324 1375 2387 in
1390 2319 1445 2401 Ly·

333 2435 390 2512 pto
416 2427 448 2492 in
474 2428 647 2511 quindenis
672 2428 864 2498 Natiuitatis
889 2431 985 2498 Beati
1012 2429 1172 2498 Johannis
1198 2429 1347 2514 Baptista
1366 2444 1444 2496 anno

333 2535 465 2606 Domini
481 2538 530 2604 M⁰
546 2538 616 2606 00⁰
635 2539 848 2625 nonagesimo
865 2539 956 2605 v110.

440 2737 550 2803 Jepput.
564 2733 698 2790 Eredetie
721 2732 878 2806 biirhartya
892 2753 909 2792 a
922 2733 1185 2792 Hunt-Panmantril
1200 2731 1311 2790 eredett
1323 2729 1443 2802 Kubinyi

334 2822 501 2898 nemnetseg
512 2822 712 2882 lovtlrtrtban
735 2813 817 2894 Erdp.

849 3618 924 3683 rto.

336 3819 443 3881 latoria
453 3817 580 3880 Mortem
587 3816 648 3900 fio,
659 3811 825 3900 sepyveres
841 3814 941 3879 arrival
955 3811 1443 3898 rohontBr'tkerMikdfiuZiloo

337 3923 464 4009 (Zeoloa
483 3923 702 4010 Tremeinborr)
720 3923 884 3989 birtokcira
892 3973 903 4004 ,
929 3923 1008 4012 moly
1027 3923 1282 3988 taratmaotodeo
1307 3920 1443 4007 ooepbizo·

503 4037 669 4122 rryitoisoira
684 4033 836 4100 tatoridt
849 4031 1041 4098 reodoltotik.
1059 4032 1157 4097 1297.
1174 4029 1276 4096 torst.

442 4235 567 4301 Damus
583 4255 642 4320 pro
669 4232 843 4314 memoria,
871 4231 957 4316 quod
981 4232 1097 4300 (lomes
1113 4231 1226 4300 Bither
1252 4228 1339 4296 filius
1364 4228 1443 4295 lliko

336 4343 555 4428 personaliter
572 4342 713 4410 astando
730 4349 843 4409 eontra
860 4339 1018 4409 Comitem
1031 4340 1235 4428 Stephanum
1251 4337 1354 4406 filium
1369 4339 1444 4406 liar·

336 4451 396 4517 tini
413 4450 563 4517 similiter
580 4449 798 4534 personaliter
814 4454 1062 4535 conparentem‚
1080 4448 1113 4514 in
1129 4445 1233 4534 figura
1248 4445 1363 4532 iudieij
1380 4464 1445 4528 ege·

336 4557 379 4624 rit
395 4577 504 4626 eoram
520 4558 613 4625 nobis
629 4558 688 4626 tali
703 4559 818 4627 modo:
834 4557 929 4636 Quod
944 4561 1008 4627 hou
1024 4577 1110 4624 anno
1123 4556 1205 4623 feria
1223 4555 1444 4641 seoundapro·

336 4666 425 4734 xima
440 4676 515 4751 post
530 4666 647 4734 festum
663 4671 768 4736 Pasce
784 4668 915 4734 Domini
932 4667 1017 4735 idem
1034 4669 1153 4736 Comes
1175 4663 1364 4751 Stephanus
1382 4683 1445 4728 oum
