3072 5168
810 222 963 330 -1—18*

330 421 398 488 niet
414 419 522 502 aliqua
538 421 691 504 racione,
718 419 850 504 iugenio
868 417 939 488 sire
957 436 1058 486 cansa
1076 417 1117 486 dc
1130 419 1207 504 jure
1229 418 1282 485 vei
1299 415 1340 481 de
1356 416 1461 482 facto

331 527 392 598 sub
407 547 494 616 pena
512 527 666 595 librarum
693 529 829 598 duorum
855 527 993 594 millium
1017 527 1266 610 quingentorum
1293 524 1461 592 denario-

331 655 400 703 rum
418 635 618 705 Venetorum
635 656 818 723 parrorum‚
838 637 977 704 solemni
998 631 1222 719 stipulacione
1234 633 1398 720 promissa
1423 639 1461 697 et

330 745 537 828 obligaeionc
566 745 708 812 omnium
726 745 882 814 bonorum
911 743 997 812 dicte
1024 745 1272 812 communitatis
1300 748 1334 807 et
1350 741 1463 808 homi-

329 873 405 921 num
420 855 516 922 Nona
527 853 695 921 mobilium
712 861 744 919 et
754 853 977 938 immobilium,
989 853 1192 939 presencium
1210 858 1242 916 et
1253 853 1459 918 futurorum.

330 963 414 1028 Acta
430 967 463 1028 et
477 959 607 1028 firmata
623 960 756 1030 fuerunt
772 963 922 1046 predicta
938 963 998 1030 snb
1014 963 1105 1046 logia
1121 979 1241 1045 magna
1258 959 1457 1026 Communis

330 1071 442 1155 Jeme,
467 1070 677 1156 presentibus
695 1069 836 1138 dominis
854 1069 993 1138 Voluina
1009 1070 1051 1138 de
1067 1068 1256 1144 Marciano,
1274 1065 1389 1151 Bogde
1410 1067 1460 1132 de

331 1181 548 1262 honrothem,
568 1177 731 1247 michaele
757 1181 798 1245 de
815 1179 994 1260 Varicasa,
1012 1175 1122 1244 Miohc
1141 1176 1296 1254 Ricario,
1324 1182 1358 1243 et
1374 1175 1458 1241 Gre-

331 1285 423 1374 gorio
439 1285 526 1354 dio'to
543 1285 668 1354 Gresco
680 1287 722 1354 dc
739 1289 863 1355 Botone
880 1285 1007 1354 civibus
1029 1285 1143 1371 Jadre,
1160 1284 1282 1351 statiis
1299 1284 1459 1370 pluribus

332 1395 377 1462 ad
393 1393 453 1462 heo
469 1394 597 1463 vocatis
615 1402 647 1462 et
663 1397 798 1480 rogatis.

920 1486 989 1571 Ego
1014 1482 1174 1552 Antonius
1198 1483 1364 1566 quondam
1387 1483 1456 1547 Bo-

865 1593 1008 1660 landuzii
1021 1592 1062 1658 de
1072 1591 1218 1659 Bononia
1231 1591 1403 1678 Imperiali
1422 1603 1456 1655 et

876 1703 1074 1772 Presectoria
1088 1703 1287 1769 auctoritate
1296 1699 1408 1768 Judex
1421 1706 1456 1766 et

866 1813 1023 1880 Notarius
1048 1810 1203 1894 predictis
1228 1809 1380 1876 omnibus
1402 1808 1453 1872 in·

864 1922 970 2004 tersui,
988 1925 1019 1986 ct
1034 1927 1180 2006 utsupra
1205 1917 1333 2003 legitur,
1357 1934 1452 1998 roga-

866 2035 919 2095 tus
937 2027 1069 2114 publice
1086 2025 1212 2113 scripsi.

734 2221 780 2295 (U.
795 2242 819 2280 ο.
833 2223 882 2279 ΠΙ.
895 2224 955 2280 kot.
969 2222 1015 2280 70.
1027 2221 1057 2291 t)

860 3072 913 3140 73.

333 3275 396 3343 III.
422 3276 530 3342 Eodre
548 3275 656 3361 ticctty
676 3274 848 3359 mopso-Boi&
871 3271 1002 3335 Moriere
1027 3271 1302 3356 olorazdpbirdnole
1328 3295 1349 3336 a
1372 3294 1446 3338 ocer-

328 3387 433 3473 premo'
448 3383 664 3471 triptoloooolo
680 3383 887 3469 nupybere'npi
906 3382 1077 3446 tiriolo-stret
1095 3383 1189 3445 1294.
1216 3380 1316 3446 iozorr
1332 3383 1444 3447 ite'letet.

846 3491 941 3554 1295.

463 3690 615 3757 Andreas
646 3689 710 3757 Dei
742 3688 856 3774 gracia
880 3687 1046 3772 Ungarie,
1079 3689 1271 3777 Dalmacie,
1303 3689 1442 3776 croceio,

337 3803 440 3869 Reme
450 3853 458 3885 ,
475 3801 609 3885 Seruis,
626 3799 786 3886 Gallicis,
803 3800 995 3866 Lodomerie
1005 3852 1014 3886 ,
1041 3799 1198 3865 Cumanis
1208 3849 1216 3882 ,
1234 3801 1443 3886 Balgaricquc

337 3912 408 3979 Rex
423 3909 583 3977 ruiuersis
595 3909 717 3978 Christi
734 3907 895 3994 fidelibus,
912 3919 980 3976 tam
997 3911 1206 3994 presentibus
1223 3929 1321 3994 quarn
1337 3910 1442 3978 suturis

338 4020 544 4106 presencium
560 4021 713 4084 noticiam
733 4015 894 4084 habituris
912 4020 1053 4084 salutem
1069 4021 1102 4084 in
1120 4019 1261 4086 Domino
1277 4022 1438 4106 sempiter-

338 4148 423 4194 nam.
449 4127 500 4195 sd
526 4129 747 4194 uniuersorum
767 4128 921 4193 noticiam
939 4133 1052 4194 tenore
1073 4130 1275 4212 presencium
1304 4131 1439 4196 volume,¹

337 4236 526 4324 peruenire,
551 4235 637 4318 quod
653 4233 702 4300 vir
718 4233 880 4302 discretus
900 4237 1058 4320 Magister
1075 4239 1284 4304 Andronicus
1303 4237 1440 4322 Preposi
1466 4269 1468 4272 ·

339 4353 391 4412 tus
407 4345 683 4430 wesprimiensis,
702 4344 778 4412 aule
800 4346 932 4414 domine
954 4347 1079 4433 Regino
1097 4347 1290 4416 charissime
1310 4347 1439 4414 Consor-

339 4453 382 4519 tis
397 4459 507 4521 nostre
522 4451 850 4532 vicecancellarius,
872 4455 1008 4524 dilectus
1025 4463 1058 4523 et
1073 4456 1180 4524 fidelis
1196 4461 1318 4544 noster,
1339 4457 1379 4522 ad
1393 4472 1437 4520 uo·

340 4570 442 4631 stram
461 4561 623 4630 accedens
637 4566 846 4647 presenciam
860 4565 1006 4633 exhibuit
1022 4569 1116 4636 uobis
1132 4567 1340 4654 privilegium
1351 4563 1437 4637 coni·
