3130 5158
353 1189 417 1260 ῙΙῙ.
445 1193 550 1258 Ettcire
576 1192 679 1278 kitnilp
699 1219 718 1256 o
737 1197 970 1279 partitottbnintt'
995 1198 1195 1280 trptdlstispnui·
1226 1197 1293 1284 Ta'p
1319 1201 1349 1260 tin
1368 1198 1470 1262 Secut-

558 1301 674 1366 Miicio‘s
698 1303 888 1388 beiysttpeieet
904 1304 1065 1388 trtitnno'ny·
1080 1325 1142 1366 san.
1167 1306 1263 1370 1292.

458 1521 495 1586 Iu
513 1519 641 1594 nomine
657 1521 776 1586 Sattete
803 1520 975 1586 Trinitatis
993 1529 1024 1586 ct
1041 1521 1215 1587 Indiuidne
1232 1520 1382 1588 Vnitatis.
1401 1527 1467 1590 Au·

352 1627 447 1694 dress
464 1627 527 1695 Dei
544 1628 659 1713 gracia
680 1628 868 1715 Hungsrie,
887 1631 1070 1712 deacie,
1091 1631 1247 1714 Otoacie,
1266 1629 1377 1712 Rama,
1396 1635 1467 1700 Ser-

352 1736 413 1814 uio,
432 1735 581 1816 Gallicis,
612 1737 815 1820 Lodomeric‚
833 1738 999 1812 Comanis,
1016 1737 1237 1824 Balgarieque
1253 1740 1322 1804 Rex
1344 1741 1467 1803 uniuer·

353 1845 399 1910 sis
416 1844 538 1912 Obristi
555 1843 704 1911 fidelibus
723 1847 927 1930 presentibus
944 1845 1068 1933 pariter
1080 1855 1112 1911 et
1129 1847 1247 1911 tuturis
1260 1847 1465 1932 presencium

353 1953 506 2018 noticiam
531 1953 691 2020 habituris
718 1957 854 2019 salntem
885 1955 916 2018 in
943 1975 982 2018 eo
1000 1956 1053 2039 qui
1076 1955 1219 2036 Regibus
1236 1955 1293 2019 dat
1316 1957 1466 2020 salutem.

352 2059 444 2126 Licet
460 2068 610 2127 creatura
635 2081 698 2127 non
718 2063 840 2128 babeat
857 2063 934 2145 quid
950 2063 1090 2128 creatori
1120 2083 1158 2126 ao
1175 2067 1355 2145 reparatori
1381 2064 1465 2128 eius·

353 2185 416 2250 qne
431 2169 677 2252 gloriosissimis
696 2173 829 2254 sanctis,
850 2193 984 2257 quornm
1003 2170 1169 2256 suffragiis
1196 2179 1324 2238 creator
1342 2181 1466 2238 ereatu-

351 2276 395 2342 ris
414 2277 548 2360 largitor
565 2277 738 2360 uniuersa,
763 2281 952 2366 impendere
980 2281 1094 2346 valeat
1112 2301 1152 2345 ex
1179 2279 1352 2363 condigno,
1371 2279 1468 2348 debet

341 2391 461 2468 'tamen
487 2392 555 2452 tota
581 2385 761 2453 denooione
787 2387 887 2452 animi
904 2394 1037 2470 totaque
1054 2389 1195 2470 puritate
1212 2387 1351 2455 affectus
1378 2387 1467 2452 labo·

353 2511 437 2578 rare,
453 2501 488 2558 vt
503 2500 686 2560 eternorum
705 2495 820 2561 intuitu
839 2497 871 2560 in
890 2495 1148 2576 terris-seminet.
1161 2496 1249 2577 quod
1265 2497 1296 2561 in
1316 2492 1370 2560 die
1387 2515 1468 2562 mes·

351 2599 453 2668 sionis
470 2606 613 2668 extreme
634 2603 829 2685 recolligens
847 2621 917 2667 cum
946 2603 1162 2689 multiplicato
1179 2603 1284 2668 fructu
1301 2604 1332 2668 iu
1351 2605 1465 2670 celesti

352 2729 446 2776 orreo
473 2712 641 2796 possidere
666 2714 777 2777 valeat
798 2721 831 2778 et
861 2711 993 2778 babere.
1011 2711 1153 2778 Proinde
1173 2712 1216 2777 ad
1244 2711 1464 2777 urniuorsurnm

353 2821 507 2885 noticiam
518 2819 629 2886 harum
643 2821 726 2886 serie
739 2821 886 2886 volumus
903 2819 1085 2904 peruenire,
1096 2819 1181 2902 quod
1198 2837 1269 2884 cum
1283 2819 1466 2884 Ecclesiam

353 2947 410 2994 seu
428 2928 654 2994 Monasterium
682 2931 777 2995 Beati
804 2929 935 2994 Martini
965 2929 1005 2992 de
1032 2929 1133 2995 Sacro
1160 2932 1269 2994 Monte
1289 2925 1467 3007 Pannonis,

353 3037 445 3102 ouius
462 3036 750 3103 intercessionibus
768 3037 864 3102 uobis
882 3045 1000 3102 cuneta
1018 3055 1174 3122 prospere
1201 3036 1373 3118 suflragari
1396 3055 1466 3101 sen-

353 3145 461 3230 timus,
478 3143 615 3211 velimus
626 3145 740 3210 merito
751 3145 868 3230 Regali
885 3145 1007 3217 fauore,
1025 3145 1138 3230 gracia
1155 3151 1188 3207 et
1203 3142 1387 3210 donacione
1403 3165 1467 3209 am-

353 3253 490 3339 plexari,
503 3255 547 3319 cb
564 3253 739 3319 remedium
759 3255 866 3320 anime
884 3263 992 3320 nostre
1010 3259 1043 3318 ot
1059 3273 1151 3336 spem
1167 3253 1275 3318 future
1291 3251 1466 3330 felicitatis,

355 3364 512 3446 quasdam
531 3363 613 3429 duas
631 3363 859 3445 possessiones
876 3364 907 3428 in
924 3362 1048 3428 vicinia
1063 3361 1380 3446 ipsinsblouastcrii,
1398 3362 1468 3445 Tap

355 3481 387 3536 et
405 3470 763 3537 Zeutbliklusvocatas
779 3471 921 3556 habitas,
932 3491 1001 3536 oum
1018 3467 1203 3536 vdnornieis
1222 3469 1340 3534 nostris
1358 3471 1391 3534 in
1408 3471 1468 3534 eis-

352 3577 426 3644 dem
442 3577 669 3663 residentibus,
686 3577 777 3644 Boda
796 3579 949 3644 videlieet
966 3589 996 3645 et
1012 3580 1132 3663 Zobou,
1150 3579 1348 3660 cbraebtno,
1366 3575 1454 3642 Geor

353 3687 417 3770 gio,
434 3688 651 3766 Sebastiano,
678 3687 845 3770 Ladizlao‚
862 3689 1045 3762 cuminian,
1069 3689 1261 3771 Seemeyno‚
1279 3685 1420 3754 Matthia
1437 3693 1467 3751 et

353 3799 460 3880 Petro,
478 3817 550 3863 com
568 3796 815 3862 suisberedibus
833 3796 1054 3880 heredumque
1066 3817 1195 3864 sitorum
1210 3793 1467 3872 suecessoribus,

355 3925 433 3988 qnos
450 3906 578 3991 quidem
591 3903 784 3972 uduornieos
801 3906 948 3971 dominus
966 3909 1034 3972 lter
1051 3907 1133 3972 Bela
1149 3921 1233 3968 auus
1250 3909 1363 3968 noster
1380 3903 1468 3967 clare

355 4014 509 4080 memorie
526 4013 566 4080 dc
577 4013 799 4080 castrensibus
811 4015 911 4079 castri
923 4013 1189 4101 wesprimiensis
1200 4011 1231 4075 iu
1245 4009 1467 4076 condicionem

355 4121 602 4188 uduornicorum
620 4123 841 4206 transtulerat,
858 4123 889 4187 in
909 4121 1022 4189 eadem
1050 4121 1253 4202 condicione,
1272 4139 1338 4202 qua
1354 4117 1467 4202 prede·

356 4228 542 4297 sessoribus
559 4233 678 4296 nostris
705 4232 898 4315 seruiernnt,
917 4230 1074 4313 dedimus,
1093 4230 1285 4296 donauimus
1306 4235 1338 4292 et
1358 4232 1466 4294 eontu-

355 4340 451 4405 limus
468 4340 531 4426 ipsi
548 4341 745 4406 Mouasterio
763 4339 856 4406 Beati
873 4339 1002 4406 Martini
1017 4341 1077 4405 sub
1096 4337 1220 4404 eisdem
1239 4338 1342 4420 metis,
1359 4335 1464 4400 termi-

355 4447 406 4514 nis
422 4453 455 4513 et
471 4447 637 4534 limitibus,
653 4449 771 4534 quibus
788 4455 931 4533 tempore
947 4449 1052 4533 ipsius
1068 4443 1168 4533 Regis
1192 4447 1269 4513 Bele
1285 4465 1343 4531 per
1364 4443 1466 4528 predi·

356 4567 425 4621 etos
449 4556 642 4624 uduoruieos
668 4565 701 4621 et
726 4557 810 4624 alies
827 4557 965 4643 populos
981 4553 1157 4622 earundem
1178 4554 1304 4636 babile,
1330 4551 1465 4617 limitata

355 4663 486 4731 inerant
502 4669 536 4731 et
562 4684 724 4748 possesse,
752 4684 822 4730 cum
848 4663 997 4731 omnibus
1014 4665 1210 4730 utilitatibus
1237 4663 1305 4729 suis
1323 4667 1354 4726 et
1372 4659 1465 4746 perti·
