<?xml version="1.0" encoding="UTF-8"?>
<!DOCTYPE html PUBLIC "-//W3C//DTD XHTML 1.0 Transitional//EN"
    "http://www.w3.org/TR/xhtml1/DTD/xhtml1-transitional.dtd">
<html xmlns="http://www.w3.org/1999/xhtml" xml:lang="en" lang="en">
 <head>
  <title>
</title>
<meta http-equiv="Content-Type" content="text/html;charset=utf-8" />
  <meta name='ocr-system' content='tesseract 3.04.00' />
  <meta name='ocr-capabilities' content='ocr_page ocr_carea ocr_par ocr_line ocrx_word'/>
</head>
<body>
  <div class='ocr_page' id='page_1' title='image "./codexdiplomatic16wenzgoog_0083.png"; bbox 0 0 3144 5180; ppageno 0'>
   <div class='ocr_carea' id='block_1_1' title="bbox 356 1174 1542 1378">
    <p class='ocr_par' dir='ltr' id='par_1_1' title="bbox 356 1174 1543 1396">
     <span class='ocr_line' id='line_1_1' title="bbox 356 1174 1542 1268; baseline 0 -22"><span class='ocrx_word' id='word_1_1' title='bbox 356 1174 509 1248; x_wconf 74' lang='lat' dir='ltr'><strong>Lodonztr</strong></span> <span class='ocrx_word' id='word_1_2' title='bbox 535 1181 717 1268; x_wconf 72' lang='lat' dir='ltr'><strong>malerpomt‘</strong></span> <span class='ocrx_word' id='word_1_3' title='bbox 747 1179 833 1248; x_wconf 67' lang='lat' dir='ltr'><strong>aaut</strong></span> <span class='ocrx_word' id='word_1_4' title='bbox 857 1181 927 1246; x_wconf 81' lang='lat' dir='ltr'><strong>toto</strong></span> <span class='ocrx_word' id='word_1_5' title='bbox 951 1179 1085 1244; x_wconf 81' lang='lat' dir='ltr'><strong>korclroa&#39;</strong></span> <span class='ocrx_word' id='word_1_6' title='bbox 1115 1177 1215 1244; x_wconf 72' lang='lat' dir='ltr'><strong>latona</strong></span> <span class='ocrx_word' id='word_1_7' title='bbox 1237 1175 1337 1243; x_wconf 72' lang='lat' dir='ltr'><strong>erneisi</strong></span> <span class='ocrx_word' id='word_1_8' title='bbox 1360 1202 1477 1246; x_wconf 73' lang='lat' dir='ltr'><strong>aemes·</strong></span> <span class='ocrx_word' id='word_1_9' title='bbox 1541 1177 1542 1192; x_wconf 53' lang='lat'>¹</span> 
     </span>
     <span class='ocr_line' id='line_1_2' title="bbox 763 1288 1070 1378; baseline -0.006 -24"><span class='ocrx_word' id='word_1_10' title='bbox 763 1293 849 1378; x_wconf 70' lang='lat' dir='ltr'><strong>repre</strong></span> <span class='ocrx_word' id='word_1_11' title='bbox 864 1288 948 1355; x_wconf 78' lang='lat' dir='ltr'><strong>curel.</strong></span> <span class='ocrx_word' id='word_1_12' title='bbox 972 1291 1070 1354; x_wconf 82' lang='lat'><em>1291.</em></span> 
     </span>
    </p>
   </div>
   <div class='ocr_carea' id='block_1_2' title="bbox 349 1502 1548 3323">
    <p class='ocr_par' dir='ltr' id='par_1_2' title="bbox 349 1498 1548 3323">
     <span class='ocr_line' id='line_1_3' title="bbox 461 1502 1476 1588; baseline -0.005 -14"><span class='ocrx_word' id='word_1_13' title='bbox 461 1507 530 1574; x_wconf 85' lang='lat' dir='ltr'><strong>Nos</strong></span> <span class='ocrx_word' id='word_1_14' title='bbox 555 1504 769 1574; x_wconf 86' lang='lat' dir='ltr'><strong>Lodomerins</strong></span> <span class='ocrx_word' id='word_1_15' title='bbox 801 1507 1018 1574; x_wconf 77' lang='lat' dir='ltr'><strong>miseracione</strong></span> <span class='ocrx_word' id='word_1_16' title='bbox 1046 1502 1166 1572; x_wconf 89' lang='lat' dir='ltr'><strong>Divina</strong></span> <span class='ocrx_word' id='word_1_17' title='bbox 1200 1502 1476 1588; x_wconf 76' lang='lat' dir='ltr'><strong>archiepiscopus</strong></span> 
     </span>
     <span class='ocr_line' id='line_1_4' title="bbox 354 1609 1476 1700; baseline -0.003 -19"><span class='ocrx_word' id='word_1_18' title='bbox 354 1611 591 1696; x_wconf 86' lang='lat' dir='ltr'><strong>Strigonicnsis</strong></span> <span class='ocrx_word' id='word_1_19' title='bbox 602 1663 611 1698; x_wconf 90' lang='lat'><strong><em>,</em></strong></span> <span class='ocrx_word' id='word_1_20' title='bbox 638 1614 768 1698; x_wconf 79' lang='lat' dir='ltr'>locique</span> <span class='ocrx_word' id='word_1_21' title='bbox 783 1615 931 1700; x_wconf 85' lang='lat' dir='ltr'><strong>ejusdem</strong></span> <span class='ocrx_word' id='word_1_22' title='bbox 948 1615 1067 1682; x_wconf 82' lang='lat' dir='ltr'><strong>Comes</strong></span> <span class='ocrx_word' id='word_1_23' title='bbox 1086 1617 1285 1698; x_wconf 84' lang='lat' dir='ltr'><strong>perpetuus,</strong></span> <span class='ocrx_word' id='word_1_24' title='bbox 1310 1609 1476 1694; x_wconf 87' lang='lat' dir='ltr'><strong>significa·</strong></span> 
     </span>
     <span class='ocr_line' id='line_1_5' title="bbox 353 1717 1545 1820; baseline -0.001 -34"><span class='ocrx_word' id='word_1_25' title='bbox 353 1741 425 1790; x_wconf 88' lang='lat' dir='ltr'><strong>mus</strong></span> <span class='ocrx_word' id='word_1_26' title='bbox 452 1723 615 1790; x_wconf 80' lang='lat' dir='ltr'><strong>universis</strong></span> <span class='ocrx_word' id='word_1_27' title='bbox 643 1722 848 1808; x_wconf 88' lang='lat' dir='ltr'><strong>presencium</strong></span> <span class='ocrx_word' id='word_1_28' title='bbox 877 1723 1028 1790; x_wconf 83' lang='lat' dir='ltr'><strong>noticiam</strong></span> <span class='ocrx_word' id='word_1_29' title='bbox 1045 1719 1226 1804; x_wconf 87' lang='lat' dir='ltr'><strong>habituris,</strong></span> <span class='ocrx_word' id='word_1_30' title='bbox 1251 1717 1335 1802; x_wconf 90' lang='lat' dir='ltr'><strong>qnod</strong></span> <span class='ocrx_word' id='word_1_31' title='bbox 1350 1739 1414 1786; x_wconf 88' lang='lat' dir='ltr'><strong>nos</strong></span> <span class='ocrx_word' id='word_1_32' title='bbox 1434 1723 1476 1786; x_wconf 93' lang='lat' dir='ltr'><strong>in·</strong></span> <span class='ocrx_word' id='word_1_33' title='bbox 1544 1770 1545 1820; x_wconf 37' lang='lat' dir='ltr'><strong>p</strong></span> 
     </span>
     <span class='ocr_line' id='line_1_6' title="bbox 352 1827 1545 1912; baseline -0.003 -16"><span class='ocrx_word' id='word_1_34' title='bbox 352 1829 558 1898; x_wconf 81' lang='lat' dir='ltr'><strong>terreniente</strong></span> <span class='ocrx_word' id='word_1_35' title='bbox 584 1829 780 1896; x_wconf 88' lang='lat' dir='ltr'><strong>anctoritate</strong></span> <span class='ocrx_word' id='word_1_36' title='bbox 798 1835 831 1896; x_wconf 88' lang='lat' dir='ltr'><strong>et</strong></span> <span class='ocrx_word' id='word_1_37' title='bbox 848 1847 1010 1898; x_wconf 88' lang='lat' dir='ltr'><strong>consensu</strong></span> <span class='ocrx_word' id='word_1_38' title='bbox 1036 1828 1157 1896; x_wconf 92' lang='lat' dir='ltr'><strong>domini</strong></span> <span class='ocrx_word' id='word_1_39' title='bbox 1176 1827 1276 1912; x_wconf 82' lang='lat' dir='ltr'><strong>Regis</strong></span> <span class='ocrx_word' id='word_1_40' title='bbox 1291 1827 1475 1896; x_wconf 78' lang='lat' dir='ltr'><strong>iohannem</strong></span> <span class='ocrx_word' id='word_1_41' title='bbox 1544 1827 1545 1846; x_wconf 68' lang='lat'>¹</span> 
     </span>
     <span class='ocr_line' id='line_1_7' title="bbox 351 1931 1475 2022; baseline -0.002 -22"><span class='ocrx_word' id='word_1_42' title='bbox 351 1934 449 2003; x_wconf 90' lang='lat' dir='ltr'><strong>lilium</strong></span> <span class='ocrx_word' id='word_1_43' title='bbox 466 1937 628 2022; x_wconf 84' lang='lat' dir='ltr'><strong>Mauricij,</strong></span> <span class='ocrx_word' id='word_1_44' title='bbox 647 1937 761 2004; x_wconf 87' lang='lat' dir='ltr'><strong>Bodoa</strong></span> <span class='ocrx_word' id='word_1_45' title='bbox 777 1937 879 2004; x_wconf 92' lang='lat' dir='ltr'><strong>lilium</strong></span> <span class='ocrx_word' id='word_1_46' title='bbox 890 1935 1073 2020; x_wconf 85' lang='lat' dir='ltr'><strong>Michaelis,</strong></span> <span class='ocrx_word' id='word_1_47' title='bbox 1084 1931 1348 2004; x_wconf 82' lang='lat' dir='ltr'><strong>Jacobumfilium</strong></span> <span class='ocrx_word' id='word_1_48' title='bbox 1365 1933 1475 2018; x_wconf 86' lang='lat' dir='ltr'><strong>Pauli,</strong></span> 
     </span>
     <span class='ocr_line' id='line_1_8' title="bbox 350 2043 1473 2130; baseline -0.003 -18"><span class='ocrx_word' id='word_1_49' title='bbox 350 2051 383 2112; x_wconf 87' lang='lat' dir='ltr'><strong>et</strong></span> <span class='ocrx_word' id='word_1_50' title='bbox 399 2047 565 2114; x_wconf 87' lang='lat' dir='ltr'><strong>alterumJ</strong></span> <span class='ocrx_word' id='word_1_51' title='bbox 569 2065 709 2114; x_wconf 88' lang='lat' dir='ltr'><strong>oannem</strong></span> <span class='ocrx_word' id='word_1_52' title='bbox 723 2045 765 2111; x_wconf 91' lang='lat' dir='ltr'><strong>de</strong></span> <span class='ocrx_word' id='word_1_53' title='bbox 776 2045 922 2130; x_wconf 88' lang='lat' dir='ltr'><strong>Karcha,</strong></span> <span class='ocrx_word' id='word_1_54' title='bbox 934 2065 1004 2112; x_wconf 89' lang='lat' dir='ltr'><strong>cnm</strong></span> <span class='ocrx_word' id='word_1_55' title='bbox 1018 2045 1167 2111; x_wconf 89' lang='lat' dir='ltr'><strong>omnibus</strong></span> <span class='ocrx_word' id='word_1_56' title='bbox 1179 2043 1275 2112; x_wconf 88' lang='lat' dir='ltr'><strong>terris</strong></span> <span class='ocrx_word' id='word_1_57' title='bbox 1293 2049 1326 2108; x_wconf 91' lang='lat' dir='ltr'><strong>et</strong></span> <span class='ocrx_word' id='word_1_58' title='bbox 1340 2060 1473 2128; x_wconf 85' lang='lat' dir='ltr'><strong>posses·</strong></span> 
     </span>
     <span class='ocr_line' id='line_1_9' title="bbox 350 2151 1473 2239; baseline -0.006 -18"><span class='ocrx_word' id='word_1_59' title='bbox 350 2153 496 2221; x_wconf 90' lang='lat' dir='ltr'><strong>sionibus</strong></span> <span class='ocrx_word' id='word_1_60' title='bbox 511 2153 683 2239; x_wconf 88' lang='lat' dir='ltr'><strong>universis,</strong></span> <span class='ocrx_word' id='word_1_61' title='bbox 702 2152 815 2219; x_wconf 90' lang='lat' dir='ltr'><strong>habito</strong></span> <span class='ocrx_word' id='word_1_62' title='bbox 833 2153 972 2220; x_wconf 89' lang='lat' dir='ltr'><strong>consilio</strong></span> <span class='ocrx_word' id='word_1_63' title='bbox 988 2151 1127 2218; x_wconf 82' lang='lat' dir='ltr'><strong>fratrum</strong></span> <span class='ocrx_word' id='word_1_64' title='bbox 1152 2157 1332 2218; x_wconf 88' lang='lat' dir='ltr'><strong>nostrorum</strong></span> <span class='ocrx_word' id='word_1_65' title='bbox 1348 2151 1473 2234; x_wconf 89' lang='lat' dir='ltr'><strong>capitu-</strong></span> 
     </span>
     <span class='ocr_line' id='line_1_10' title="bbox 350 2259 1547 2398; baseline -0.002 -72"><span class='ocrx_word' id='word_1_66' title='bbox 350 2259 467 2326; x_wconf 81' lang='lat' dir='ltr'><strong>larium</strong></span> <span class='ocrx_word' id='word_1_67' title='bbox 484 2262 607 2328; x_wconf 88' lang='lat' dir='ltr'><strong>Sancle</strong></span> <span class='ocrx_word' id='word_1_68' title='bbox 619 2262 853 2346; x_wconf 75' lang='lat' dir='ltr'><strong>strigoniensis</strong></span> <span class='ocrx_word' id='word_1_69' title='bbox 864 2261 1021 2344; x_wconf 70' lang='lat' dir='ltr'><strong>Ecclesia</strong></span> <span class='ocrx_word' id='word_1_70' title='bbox 1032 2261 1066 2328; x_wconf 90' lang='lat' dir='ltr'><strong>in</strong></span> <span class='ocrx_word' id='word_1_71' title='bbox 1082 2278 1248 2328; x_wconf 88' lang='lat' dir='ltr'><strong>nnmerum</strong></span> <span class='ocrx_word' id='word_1_72' title='bbox 1260 2267 1293 2324; x_wconf 91' lang='lat' dir='ltr'><strong>et</strong></span> <span class='ocrx_word' id='word_1_73' title='bbox 1302 2259 1472 2342; x_wconf 88' lang='lat' dir='ltr'><strong>collegium</strong></span> <span class='ocrx_word' id='word_1_74' title='bbox 1546 2312 1547 2398; x_wconf 33' lang='grc'>1</span> 
     </span>
     <span class='ocr_line' id='line_1_11' title="bbox 351 2365 1471 2456; baseline 0 -24"><span class='ocrx_word' id='word_1_75' title='bbox 351 2367 510 2434; x_wconf 88' lang='lat' dir='ltr'><strong>nobilium</strong></span> <span class='ocrx_word' id='word_1_76' title='bbox 530 2368 745 2454; x_wconf 88' lang='lat' dir='ltr'><strong>j0bagionum</strong></span> <span class='ocrx_word' id='word_1_77' title='bbox 764 2378 946 2438; x_wconf 86' lang='lat' dir='ltr'><strong>nostrorum</strong></span> <span class='ocrx_word' id='word_1_78' title='bbox 965 2367 1302 2456; x_wconf 82' lang='lat' dir='ltr'><strong>Archiepiscopalium</strong></span> <span class='ocrx_word' id='word_1_79' title='bbox 1318 2365 1471 2434; x_wconf 86' lang='lat' dir='ltr'><strong>duximus</strong></span> 
     </span>
     <span class='ocr_line' id='line_1_12' title="bbox 351 2472 1471 2565; baseline 0.003 -26"><span class='ocrx_word' id='word_1_80' title='bbox 351 2472 504 2542; x_wconf 88' lang='lat' dir='ltr'><strong>duximus</strong></span> <span class='ocrx_word' id='word_1_81' title='bbox 515 2473 602 2563; x_wconf 82' lang='lat' dir='ltr'><strong>(lgy)</strong></span> <span class='ocrx_word' id='word_1_82' title='bbox 615 2477 858 2565; x_wconf 85' lang='lat' dir='ltr'><strong>aggregandos,</strong></span> <span class='ocrx_word' id='word_1_83' title='bbox 876 2480 1025 2548; x_wconf 81' lang='lat' dir='ltr'><strong>volentos</strong></span> <span class='ocrx_word' id='word_1_84' title='bbox 1036 2484 1069 2542; x_wconf 93' lang='lat' dir='ltr'><strong>et</strong></span> <span class='ocrx_word' id='word_1_85' title='bbox 1085 2477 1259 2544; x_wconf 76' lang='lat' dir='ltr'><strong>autoritate</strong></span> <span class='ocrx_word' id='word_1_86' title='bbox 1269 2479 1471 2560; x_wconf 90' lang='lat' dir='ltr'><strong>presencium</strong></span> 
     </span>
     <span class='ocr_line' id='line_1_13' title="bbox 350 2579 1548 2672; baseline 0.004 -25"><span class='ocrx_word' id='word_1_87' title='bbox 350 2579 578 2668; x_wconf 87' lang='lat' dir='ltr'><strong>declarantes,</strong></span> <span class='ocrx_word' id='word_1_88' title='bbox 604 2597 639 2652; x_wconf 91' lang='lat' dir='ltr'><strong>ut</strong></span> <span class='ocrx_word' id='word_1_89' title='bbox 655 2604 716 2652; x_wconf 89' lang='lat' dir='ltr'><strong>nec</strong></span> <span class='ocrx_word' id='word_1_90' title='bbox 742 2605 897 2672; x_wconf 87' lang='lat' dir='ltr'><strong>pensum,</strong></span> <span class='ocrx_word' id='word_1_91' title='bbox 923 2605 986 2652; x_wconf 91' lang='lat' dir='ltr'><strong>neo</strong></span> <span class='ocrx_word' id='word_1_92' title='bbox 1002 2587 1198 2670; x_wconf 72' lang='lat' dir='ltr'><strong>terragium,</strong></span> <span class='ocrx_word' id='word_1_93' title='bbox 1224 2603 1285 2652; x_wconf 87' lang='lat' dir='ltr'><strong>neo</strong></span> <span class='ocrx_word' id='word_1_94' title='bbox 1301 2585 1471 2653; x_wconf 88' lang='lat' dir='ltr'><strong>collectam</strong></span> <span class='ocrx_word' id='word_1_95' title='bbox 1547 2584 1548 2652; x_wconf 76' lang='lat' dir='ltr'><strong>l</strong></span> 
     </span>
     <span class='ocr_line' id='line_1_14' title="bbox 352 2691 1548 2778; baseline 0.001 -20"><span class='ocrx_word' id='word_1_96' title='bbox 352 2691 495 2777; x_wconf 86' lang='lat' dir='ltr'><strong>Regiam</strong></span> <span class='ocrx_word' id='word_1_97' title='bbox 510 2695 563 2760; x_wconf 85' lang='lat' dir='ltr'><strong>vel</strong></span> <span class='ocrx_word' id='word_1_98' title='bbox 580 2693 725 2777; x_wconf 85' lang='lat' dir='ltr'><strong>aliquam</strong></span> <span class='ocrx_word' id='word_1_99' title='bbox 753 2695 965 2762; x_wconf 85' lang='lat' dir='ltr'><strong>exaccioncm</strong></span> <span class='ocrx_word' id='word_1_100' title='bbox 985 2696 1051 2762; x_wconf 89' lang='lat' dir='ltr'><strong>ullo</strong></span> <span class='ocrx_word' id='word_1_101' title='bbox 1067 2712 1209 2776; x_wconf 84' lang='lat' dir='ltr'><strong>unquam</strong></span> <span class='ocrx_word' id='word_1_102' title='bbox 1233 2702 1381 2778; x_wconf 88' lang='lat' dir='ltr'><strong>tempore</strong></span> <span class='ocrx_word' id='word_1_103' title='bbox 1406 2702 1470 2759; x_wconf 91' lang='lat' dir='ltr'><strong>tarn</strong></span> <span class='ocrx_word' id='word_1_104' title='bbox 1547 2733 1548 2740; x_wconf 24' lang='grc' dir='ltr'><strong>κ</strong></span> 
     </span>
     <span class='ocr_line' id='line_1_15' title="bbox 350 2797 1470 2887; baseline 0.002 -23"><span class='ocrx_word' id='word_1_105' title='bbox 350 2797 425 2882; x_wconf 89' lang='lat' dir='ltr'><strong>ipsi,</strong></span> <span class='ocrx_word' id='word_1_106' title='bbox 443 2819 541 2882; x_wconf 88' lang='lat' dir='ltr'><strong>quam</strong></span> <span class='ocrx_word' id='word_1_107' title='bbox 558 2819 669 2866; x_wconf 87' lang='lat' dir='ltr'><strong>eorum</strong></span> <span class='ocrx_word' id='word_1_108' title='bbox 681 2803 806 2887; x_wconf 83' lang='lat' dir='ltr'><strong>posteri</strong></span> <span class='ocrx_word' id='word_1_109' title='bbox 819 2803 914 2869; x_wconf 90' lang='lat' dir='ltr'><strong>nobis</strong></span> <span class='ocrx_word' id='word_1_110' title='bbox 930 2803 1116 2872; x_wconf 87' lang='lat' dir='ltr'><strong>velnostris</strong></span> <span class='ocrx_word' id='word_1_111' title='bbox 1133 2802 1380 2870; x_wconf 88' lang='lat' dir='ltr'><strong>successoribus</strong></span> <span class='ocrx_word' id='word_1_112' title='bbox 1392 2802 1470 2872; x_wconf 88' lang='lat' dir='ltr'><strong>dare</strong></span> 
     </span>
     <span class='ocr_line' id='line_1_16' title="bbox 351 2907 1467 2996; baseline 0.002 -24"><span class='ocrx_word' id='word_1_113' title='bbox 351 2913 383 2972; x_wconf 88' lang='lat' dir='ltr'><strong>ct</strong></span> <span class='ocrx_word' id='word_1_114' title='bbox 398 2907 526 2974; x_wconf 88' lang='lat' dir='ltr'><strong>solvere</strong></span> <span class='ocrx_word' id='word_1_115' title='bbox 543 2913 724 2992; x_wconf 88' lang='lat' dir='ltr'><strong>teneantur,</strong></span> <span class='ocrx_word' id='word_1_116' title='bbox 742 2910 803 2978; x_wconf 87' lang='lat' dir='ltr'><strong>sed</strong></span> <span class='ocrx_word' id='word_1_117' title='bbox 818 2911 876 2977; x_wconf 87' lang='lat' dir='ltr'><strong>illa</strong></span> <span class='ocrx_word' id='word_1_118' title='bbox 892 2910 1056 2978; x_wconf 78' lang='lat' dir='ltr'><strong>libertatis</strong></span> <span class='ocrx_word' id='word_1_119' title='bbox 1066 2911 1277 2996; x_wconf 85' lang='lat' dir='ltr'><strong>prerogativa</strong></span> <span class='ocrx_word' id='word_1_120' title='bbox 1291 2909 1467 2994; x_wconf 76' lang='lat' dir='ltr'><strong>gaudeant,</strong></span> 
     </span>
     <span class='ocr_line' id='line_1_17' title="bbox 350 3014 1465 3108; baseline 0.004 -28"><span class='ocrx_word' id='word_1_121' title='bbox 350 3033 414 3097; x_wconf 87' lang='lat' dir='ltr'><strong>qna</strong></span> <span class='ocrx_word' id='word_1_122' title='bbox 431 3014 489 3081; x_wconf 91' lang='lat' dir='ltr'><strong>alii</strong></span> <span class='ocrx_word' id='word_1_123' title='bbox 500 3015 701 3100; x_wconf 89' lang='lat' dir='ltr'><strong>j0bagiones</strong></span> <span class='ocrx_word' id='word_1_124' title='bbox 728 3018 1157 3108; x_wconf 77' lang='lat' dir='ltr'><strong>nostri-archiepiscopales</strong></span> <span class='ocrx_word' id='word_1_125' title='bbox 1173 3020 1337 3104; x_wconf 90' lang='lat' dir='ltr'><strong>gaudent,</strong></span> <span class='ocrx_word' id='word_1_126' title='bbox 1356 3025 1390 3084; x_wconf 89' lang='lat' dir='ltr'><strong>et</strong></span> <span class='ocrx_word' id='word_1_127' title='bbox 1405 3017 1465 3084; x_wconf 85' lang='lat' dir='ltr'><strong>frn-</strong></span> 
     </span>
     <span class='ocr_line' id='line_1_18' title="bbox 349 3107 1463 3212; baseline 0.005 -26"><span class='ocrx_word' id='word_1_128' title='bbox 349 3128 457 3188; x_wconf 90' lang='lat' dir='ltr'><strong>untnr.</strong></span> <span class='ocrx_word' id='word_1_129' title='bbox 481 3124 550 3190; x_wconf 87' lang='lat' dir='ltr'><strong>Nec</strong></span> <span class='ocrx_word' id='word_1_130' title='bbox 566 3125 629 3191; x_wconf 87' lang='lat' dir='ltr'><strong>hoc</strong></span> <span class='ocrx_word' id='word_1_131' title='bbox 645 3107 935 3209; x_wconf 83' lang='lat' dir='ltr'><strong>pretermittimus,</strong></span> <span class='ocrx_word' id='word_1_132' title='bbox 961 3128 1050 3212; x_wconf 86' lang='lat' dir='ltr'><strong>quod</strong></span> <span class='ocrx_word' id='word_1_133' title='bbox 1066 3127 1187 3194; x_wconf 87' lang='lat' dir='ltr'><strong>nnllius</strong></span> <span class='ocrx_word' id='word_1_134' title='bbox 1198 3126 1322 3212; x_wconf 82' lang='lat' dir='ltr'><strong>judicis</strong></span> <span class='ocrx_word' id='word_1_135' title='bbox 1335 3126 1463 3212; x_wconf 88' lang='lat' dir='ltr'><strong>judicio</strong></span> 
     </span>
     <span class='ocr_line' id='line_1_19' title="bbox 349 3229 1466 3323; baseline 0.002 -25"><span class='ocrx_word' id='word_1_136' title='bbox 349 3229 482 3298; x_wconf 82' lang='lat' dir='ltr'><strong>adstare</strong></span> <span class='ocrx_word' id='word_1_137' title='bbox 496 3239 682 3317; x_wconf 87' lang='lat' dir='ltr'><strong>teneantur,</strong></span> <span class='ocrx_word' id='word_1_138' title='bbox 700 3235 764 3304; x_wconf 88' lang='lat' dir='ltr'><strong>nisi</strong></span> <span class='ocrx_word' id='word_1_139' title='bbox 780 3243 892 3305; x_wconf 88' lang='lat' dir='ltr'><strong>nostro</strong></span> <span class='ocrx_word' id='word_1_140' title='bbox 903 3235 1051 3323; x_wconf 84' lang='lat' dir='ltr'><strong>judicio,</strong></span> <span class='ocrx_word' id='word_1_141' title='bbox 1069 3237 1122 3302; x_wconf 86' lang='lat' dir='ltr'><strong>vel</strong></span> <span class='ocrx_word' id='word_1_142' title='bbox 1138 3236 1282 3304; x_wconf 83' lang='lat' dir='ltr'><strong>Palatini</strong></span> <span class='ocrx_word' id='word_1_143' title='bbox 1297 3235 1397 3304; x_wconf 80' lang='lat' dir='ltr'><strong>Gurie</strong></span> <span class='ocrx_word' id='word_1_144' title='bbox 1412 3253 1466 3302; x_wconf 92' lang='lat' dir='ltr'><strong>no-</strong></span> 
     </span>
    </p>
   </div>
   <div class='ocr_carea' id='block_1_3' title="bbox 348 3324 1468 3756">
    <p class='ocr_par' dir='ltr' id='par_1_3' title="bbox 348 3324 1468 3756">
     <span class='ocr_line' id='line_1_20' title="bbox 349 3324 1466 3430; baseline 0.004 -27"><span class='ocrx_word' id='word_1_145' title='bbox 349 3324 416 3405; x_wconf 71' lang='lat' dir='ltr'><strong>s&#39;tre</strong></span> <span class='ocrx_word' id='word_1_146' title='bbox 432 3359 490 3424; x_wconf 91' lang='lat' dir='ltr'><strong>pro</strong></span> <span class='ocrx_word' id='word_1_147' title='bbox 507 3349 654 3427; x_wconf 85' lang='lat' dir='ltr'><strong>tempore</strong></span> <span class='ocrx_word' id='word_1_148' title='bbox 671 3347 850 3412; x_wconf 85' lang='lat' dir='ltr'><strong>constituti.</strong></span> <span class='ocrx_word' id='word_1_149' title='bbox 878 3345 914 3410; x_wconf 95' lang='lat' dir='ltr'><strong>In</strong></span> <span class='ocrx_word' id='word_1_150' title='bbox 931 3346 1021 3412; x_wconf 87' lang='lat' dir='ltr'><strong>cuins</strong></span> <span class='ocrx_word' id='word_1_151' title='bbox 1034 3344 1082 3410; x_wconf 89' lang='lat' dir='ltr'><strong>rei</strong></span> <span class='ocrx_word' id='word_1_152' title='bbox 1098 3344 1286 3411; x_wconf 87' lang='lat' dir='ltr'><strong>memoriam</strong></span> <span class='ocrx_word' id='word_1_153' title='bbox 1306 3353 1339 3410; x_wconf 90' lang='lat' dir='ltr'><strong>et</strong></span> <span class='ocrx_word' id='word_1_154' title='bbox 1355 3363 1466 3430; x_wconf 90' lang='lat' dir='ltr'><strong>perpe·</strong></span> 
     </span>
     <span class='ocr_line' id='line_1_21' title="bbox 348 3447 1468 3538; baseline 0.007 -28"><span class='ocrx_word' id='word_1_155' title='bbox 348 3453 440 3515; x_wconf 90' lang='lat' dir='ltr'><strong>tuam</strong></span> <span class='ocrx_word' id='word_1_156' title='bbox 456 3447 643 3516; x_wconf 87' lang='lat' dir='ltr'><strong>firmitatem</strong></span> <span class='ocrx_word' id='word_1_157' title='bbox 668 3461 842 3538; x_wconf 83' lang='lat' dir='ltr'><strong>presentes</strong></span> <span class='ocrx_word' id='word_1_158' title='bbox 858 3453 931 3520; x_wconf 89' lang='lat' dir='ltr'><strong>dari</strong></span> <span class='ocrx_word' id='word_1_159' title='bbox 947 3453 1084 3521; x_wconf 83' lang='lat' dir='ltr'><strong>fecimus</strong></span> <span class='ocrx_word' id='word_1_160' title='bbox 1101 3454 1229 3521; x_wconf 89' lang='lat' dir='ltr'><strong>litteras</strong></span> <span class='ocrx_word' id='word_1_161' title='bbox 1253 3453 1356 3538; x_wconf 89' lang='lat' dir='ltr'><strong>sigilli</strong></span> <span class='ocrx_word' id='word_1_162' title='bbox 1370 3453 1468 3522; x_wconf 86' lang='lat' dir='ltr'><strong>nostri</strong></span> 
     </span>
     <span class='ocr_line' id='line_1_22' title="bbox 349 3555 1462 3630; baseline 0.007 -12"><span class='ocrx_word' id='word_1_163' title='bbox 349 3555 526 3622; x_wconf 87' lang='lat' dir='ltr'><strong>authentici</strong></span> <span class='ocrx_word' id='word_1_164' title='bbox 543 3559 719 3627; x_wconf 90' lang='lat' dir='ltr'><strong>munimine</strong></span> <span class='ocrx_word' id='word_1_165' title='bbox 735 3563 919 3630; x_wconf 85' lang='lat' dir='ltr'><strong>roboratas.</strong></span> <span class='ocrx_word' id='word_1_166' title='bbox 947 3563 1067 3630; x_wconf 88' lang='lat' dir='ltr'><strong>Datum</strong></span> <span class='ocrx_word' id='word_1_167' title='bbox 1085 3563 1217 3630; x_wconf 92' lang='lat' dir='ltr'><strong>Posonii</strong></span> <span class='ocrx_word' id='word_1_168' title='bbox 1233 3581 1319 3629; x_wconf 92' lang='lat' dir='ltr'><strong>anno</strong></span> <span class='ocrx_word' id='word_1_169' title='bbox 1336 3562 1462 3629; x_wconf 90' lang='lat' dir='ltr'><strong>Domini</strong></span> 
     </span>
     <span class='ocr_line' id='line_1_23' title="bbox 348 3659 1351 3756; baseline 0.009 -29"><span class='ocrx_word' id='word_1_170' title='bbox 348 3659 389 3726; x_wconf 86' lang='lat' dir='ltr'><strong>tl.</strong></span> <span class='ocrx_word' id='word_1_171' title='bbox 407 3661 470 3730; x_wconf 80' lang='lat'><strong>00.</strong></span> <span class='ocrx_word' id='word_1_172' title='bbox 487 3663 573 3732; x_wconf 80' lang='lat' dir='ltr'>XCI.</span> <span class='ocrx_word' id='word_1_173' title='bbox 590 3667 623 3732; x_wconf 94' lang='lat' dir='ltr'><strong>in</strong></span> <span class='ocrx_word' id='word_1_174' title='bbox 640 3665 726 3738; x_wconf 84' lang='lat' dir='ltr'><strong>festo</strong></span> <span class='ocrx_word' id='word_1_175' title='bbox 742 3671 936 3738; x_wconf 75' lang='lat' dir='ltr'><strong>Natiuitatis</strong></span> <span class='ocrx_word' id='word_1_176' title='bbox 952 3671 1057 3738; x_wconf 88' lang='lat' dir='ltr'><strong>Beate</strong></span> <span class='ocrx_word' id='word_1_177' title='bbox 1074 3669 1218 3756; x_wconf 83' lang='lat' dir='ltr'><strong>Virginis</strong></span> <span class='ocrx_word' id='word_1_178' title='bbox 1235 3670 1351 3737; x_wconf 83' lang='lat' dir='ltr'><strong>liaris.</strong></span> 
     </span>
    </p>
   </div>
   <div class='ocr_carea' id='block_1_4' title="bbox 349 3867 1463 4047">
    <p class='ocr_par' dir='ltr' id='par_1_4' title="bbox 349 3867 1463 4047">
     <span class='ocr_line' id='line_1_24' title="bbox 349 3867 1463 3957; baseline 0.011 -31"><span class='ocrx_word' id='word_1_179' title='bbox 349 3867 452 3937; x_wconf 76' lang='lat' dir='ltr'><strong>(lanes</strong></span> <span class='ocrx_word' id='word_1_180' title='bbox 465 3881 637 3954; x_wconf 85' lang='lat' dir='ltr'><strong>esztergami</strong></span> <span class='ocrx_word' id='word_1_181' title='bbox 651 3879 792 3942; x_wconf 77' lang='lat' dir='ltr'><strong>erselrnelr</strong></span> <span class='ocrx_word' id='word_1_182' title='bbox 807 3884 886 3944; x_wconf 78' lang='lat'>1394.</span> <span class='ocrx_word' id='word_1_183' title='bbox 899 3883 946 3942; x_wconf 72' lang='lat' dir='ltr'><strong>evi</strong></span> <span class='ocrx_word' id='word_1_184' title='bbox 959 3881 1123 3954; x_wconf 75' lang='lat' dir='ltr'><strong>atiratibol,</strong></span> <span class='ocrx_word' id='word_1_185' title='bbox 1137 3885 1213 3957; x_wconf 83' lang='lat' dir='ltr'><strong>moly</strong></span> <span class='ocrx_word' id='word_1_186' title='bbox 1231 3881 1405 3956; x_wconf 72' lang='lat' dir='ltr'><strong>Baosfalray</strong></span> <span class='ocrx_word' id='word_1_187' title='bbox 1414 3881 1463 3939; x_wconf 83' lang='lat' dir='ltr'><strong>Ji·</strong></span> 
     </span>
     <span class='ocr_line' id='line_1_25' title="bbox 650 3971 1166 4047; baseline 0.006 -20"><span class='ocrx_word' id='word_1_188' title='bbox 650 3989 703 4028; x_wconf 89' lang='lat' dir='ltr'><strong>nos</strong></span> <span class='ocrx_word' id='word_1_189' title='bbox 715 3971 808 4031; x_wconf 81' lang='lat' dir='ltr'><strong>rlrnak</strong></span> <span class='ocrx_word' id='word_1_190' title='bbox 821 3973 981 4047; x_wconf 82' lang='lat' dir='ltr'><strong>tulajdona</strong></span> <span class='ocrx_word' id='word_1_191' title='bbox 995 3975 1072 4046; x_wconf 72' lang='lat' dir='ltr'><strong>Nopp</strong></span> <span class='ocrx_word' id='word_1_192' title='bbox 1082 3973 1166 4041; x_wconf 65' lang='lat' dir='ltr'><strong>loos)</strong></span> 
     </span>
    </p>
   </div>
   <div class='ocr_carea' id='block_1_5' title="bbox 837 4269 1038 4283">
    <p class='ocr_par' dir='ltr' id='par_1_5' title="bbox 837 4269 1038 4283">
     <span class='ocr_line' id='line_1_26' title="bbox 837 4269 1038 4283; baseline 0 0"><span class='ocrx_word' id='word_1_193' title='bbox 837 4269 1038 4283; x_wconf 67' lang='lat' dir='ltr'><strong>--—d·-—-a--—l</strong></span> 
     </span>
    </p>
   </div>
   <div class='ocr_carea' id='block_1_6' title="bbox 0 0 1576 5180">
    <p class='ocr_par' dir='ltr' id='par_1_6' title="bbox 0 0 1576 5180">
     <span class='ocr_line' id='line_1_27' title="bbox 0 0 1576 5180; baseline 0 3"><span class='ocrx_word' id='word_1_194' title='bbox 0 0 1576 5180; x_wconf 95' lang='lat' dir='ltr'><strong> </strong></span> 
     </span>
    </p>
   </div>
  </div>
 </body>
</html>
