3094 5168
855 868 935 934 llll).

334 1053 396 1116 Ill.
412 1049 521 1116 Eudae
533 1051 642 1137 lcircily
658 1053 827 1135 wransitja,
845 1049 924 1134 kopp
941 1047 1059 1112 Mtktoe
1073 1048 1164 1133 ygini
1173 1045 1310 1133 fiiiepcin
1327 1045 1457 1133 Gerpelp

332 1159 513 1246 marpeni
528 1155 751 1236 kaaooolcnelc,
767 1159 798 1220 ia
809 1154 936 1242 Gytirpp
953 1155 1148 1236 teatoe‘renelc,
1160 1155 1340 1220 viaazeudto
1350 1155 1456 1242 le'pyen

608 1265 717 1348 Loqm·
737 1266 817 1328 neor'l
839 1263 1070 1328 lcrlasteoulcut.
1088 1263 1186 1327 1297.

442 1440 622 1532 (A)ndreas
653 1443 717 1510 Dei
742 1443 860 1530 gracia
881 1443 1072 1529 Hungarie,
1098 1443 1289 1526 Dalmacie,
1314 1441 1459 1526 (iroacie,

333 1557 456 1638 Reme,
473 1554 587 1622 Seruie
598 1605 608 1638 ,
635 1553 778 1620 Galliele
789 1601 798 1636 ,
816 1551 1008 1620 Lodomeric
1019 1603 1028 1638 ,
1048 1549 1217 1632 Cumanie,
1244 1551 1461 1636 Belgarieqne

335 1662 407 1729 Rex
417 1661 580 1730 uniuersis
591 1667 763 1748 presentes
780 1662 907 1728 litteras
917 1659 1114 1747 inspecturis
1124 1659 1272 1730 salutem
1282 1663 1316 1728 in
1328 1661 1462 1727 Domino

336 1771 579 1856 sempiternam.
597 1770 641 1837 Ut
657 1789 709 1854 ea,
727 1788 791 1852 que
816 1768 936 1836 iudicio
962 1771 1015 1834 uel
1034 1767 1213 1836 concordia
1232 1768 1456 1842 terminantur,

334 1881 438 1966 salua,
456 1877 587 1948 illibata
597 1885 630 1944 et
646 1877 743 1944 illesa
755 1877 946 1960 consistant,
964 1883 997 1941 et
1012 1897 1054 1943 ne
1070 1877 1103 1940 in
1120 1875 1264 1942 recidiua
1275 1877 1456 1943 contencio·

334 1990 387 2055 nis
405 1989 592 2072 scrupulum
607 1986 810 2071 relabentur,
836 1986 944 2052 solent
960 1993 993 2050 et
1010 1985 1131 2052 debent
1156 1987 1342 2052 litterarum
1368 1985 1458 2052 testi·
1541 2019 1542 2024 κ

334 2097 444 2164 monio
461 2096 679 2181 perhemnari.
697 2093 782 2161 Hinc
799 2101 860 2176 est,
889 2091 974 2174 quod
990 2093 1034 2158 ad
1061 2093 1286 2162 uniuersorum
1310 2094 1462 2162 noticiam

335 2211 403 2271 tarn
429 2203 633 2289 presencium
661 2222 759 2284 quam
786 2202 891 2269 eciam
918 2201 1099 2268 futurorum
1124 2211 1239 2270 tenore
1255 2203 1462 2288 presencium

332 2313 482 2380 volumus
491 2311 675 2396 pervenire,
691 2311 778 2393 quod
788 2309 1118 2396 magisterNycolaus
1129 2309 1216 2378 filins
1227 2311 1321 2378 Pauli
1326 2363 1336 2398 ,
1348 2310 1460 2378 (lomes

333 2418 518 2488 lauriensis
529 2417 638 2484 fidelis
649 2426 768 2499 noster,
780 2437 890 2482 coram
901 2414 996 2482 nobis
1007 2418 1229 2502 personaliter
1249 2417 1462 2506 comparando

336 2526 478 2611 qaudam
496 2521 584 2614 (lgy)
610 2527 771 2611 piscinam
797 2523 949 2610 magistri
976 2525 1130 2612 Gregorij
1161 2529 1325 2596 canonici
1346 2527 1462 2613 Strigo·

334 2635 461 2702 niensis
477 2635 537 2720 filij
557 2636 693 2704 Comitis
709 2634 851 2720 Andrcc,
869 2643 901 2702 et
918 2635 1066 2720 magistri
1092 2636 1241 2723 Georgij,
1257 2635 1315 2724 filij
1333 2635 1464 2704 Comitis

334 2743 435 2827 Gene,
451 2743 563 2811 fratris
580 2742 738 2826 eiusdem,
761 2741 872 2824 Lugur
889 2750 1054 2826 vocatam,
1071 2764 1087 2810 s
1107 2763 1190 2829 uper
1205 2743 1303 2810 fluuio
1328 2743 1463 2826 Dudnag

335 2852 549 2936 existentem,
576 2852 718 2918 restituit
744 2851 867 2916 eisdem
886 2851 1053 2934 magistris
1071 2852 1240 2936 Gregorio
1268 2863 1302 2919 et
1326 2851 1461 2935 Georgio

338 2957 433 3027 fratri
450 2961 616 3043 eiusdem,
643 2967 801 3042 tanquam
818 2959 868 3025 ius
885 2979 995 3024 eorum
1011 2959 1244 3027 hereditarium
1260 3013 1269 3048 ,
1288 2962 1349 3028 sub
1374 2957 1461 3025 metis

339 3074 373 3136 et
387 3067 535 3134 terminis
552 3067 707 3150 antiquis,
728 3073 824 3151 prout
839 3085 898 3152 per
915 3067 1092 3154 magistros
1109 3069 1302 3155 Gregorium
1319 3077 1352 3136 et
1368 3069 1461 3136 Geor·

339 3176 429 3262 giem
446 3177 534 3243 dicta
550 3175 678 3264 pissino
704 3175 819 3242 habita
843 3176 952 3242 extitit
968 3185 1001 3241 et
1017 3197 1180 3261 possessa
1203 3177 1245 3243 ab
1262 3177 1407 3260 antiquo.
1422 3171 1462 3238 Ut

337 3270 444 3369 igitur
462 3281 646 3351 huiusmodi
671 3284 893 3350 restitucionis
912 3285 1014 3352 series
1031 3286 1129 3352 robur
1145 3285 1291 3372 optineat
1316 3289 1462 3372 perpetue

335 3391 508 3479 firmitatis,
525 3411 587 3459 nec
603 3393 707 3478 possit
723 3394 791 3460 ullo
808 3413 949 3478 unquam
976 3403 1124 3481 tempore
1141 3395 1186 3460 irr
1202 3395 1289 3479 itari,
1304 3399 1464 3478 presentes

336 3501 381 3570 ad
397 3501 595 3588 peticionem
607 3507 639 3568 et
649 3500 843 3568 instanciam
863 3503 1007 3570 eiusdem
1025 3505 1146 3590 magist
1158 3505 1187 3572 ri
1202 3505 1299 3572 Pauli
1316 3501 1396 3589 ipis
1404 3519 1462 3567 ma·

337 3609 448 3697 gistris
463 3611 633 3696 Gregorio,
652 3615 685 3675 et
702 3611 856 3696 Georgio,
873 3631 912 3676 ac
929 3633 1040 3679 eorum
1058 3633 1118 3700 pos
1139 3613 1228 3697 teris,
1246 3611 1407 3700 dupplicis
1430 3607 1464 3676 si-

336 3717 407 3804 gilli
423 3719 526 3784 nestri
543 3718 747 3803 appensione
764 3719 839 3786 dari
856 3721 1014 3788 iussimus
1031 3729 1071 3788 et
1090 3723 1185 3789 lecim
1193 3742 1231 3789 us
1247 3721 1463 3789 communitas·

273 3917 275 3920 Ι
336 3829 459 3896 Datum
476 3848 534 3914 per
559 3848 675 3896 manus
702 3829 901 3897 venerabilis
928 3833 1031 3917 patris
1049 3831 1171 3900 domini
1187 3831 1215 3897 Τ
1229 3827 1394 3916 h(eodori)
1409 3823 1463 3892 Dei

338 3935 451 4022 gracia
468 3935 623 4020 Episcopi
649 3935 834 4002 Jauriensis
861 3941 937 4007 aule
955 3947 1067 4008 nostre
1084 3939 1398 4023 Viae-Cancellarij‚
1423 3933 1462 3997 di·

338 4046 415 4113 lecti
425 4049 458 4110 et
473 4042 579 4111 fidelis
595 4047 709 4129 nostri,
720 4064 807 4112 anno
828 4047 961 4114 Domini
972 4049 1079 4117 milles
1095 4051 1160 4116 imo
1177 4047 1399 4115 ducentesimo
1414 4061 1462 4108 no·

338 4151 508 4239 nogesimo
523 4153 763 4237 septimo,X11.
779 4155 943 4224 kalendas
955 4158 1002 4223 Fe
1011 4157 1071 4224 bru
1080 4158 1155 4244 arij,
1172 4155 1278 4241 Regni
1295 4165 1401 4222 autem
1415 4169 1462 4217 no·

340 4261 401 4328 stri
417 4281 502 4328 anno
523 4270 627 4330 sexto.

340 4419 465 4490 (Hosazui
477 4421 607 4494 keslrcny
620 4421 797 4496 irohairtyiu.
808 4425 834 4479 A
848 4435 953 4499 vastag
963 4427 1027 4482 zold
1039 4426 1070 4484 es
1080 4433 1166 4484 viriis
1179 4429 1318 4490 minemo}
1332 4417 1445 4496 cpecset

341 4510 403 4568 mair
422 4511 571 4570 clveszett
585 4518 624 4569 An
645 4518 751 4572 erodeti
765 4515 816 4572 Dr.
832 4515 898 4573 Stur
911 4517 1185 4592 gyiljtemenyeben.
1206 4521 1328 4578 Heluam·
1349 4489 1461 4584 stilae)

768 4644 1026 4659 ψ·-
