3144 5180
92 1174 126 1280 ¹¹.
134 1179 291 1264 pazsonyr‘
314 1177 469 1264 Mptalan
496 1177 758 1264 bizonpadqlsnela
784 1182 967 1265 bordtsdpoo
982 1181 1221 1266 cppezkcdc'sriil,

93 1285 226 1372 melynril
235 1284 337 1371 fopna
356 1285 445 1352 Fecli
459 1287 560 1352 Jcinoa
576 1287 731 1372 motilena
745 1289 986 1374 mapillcteaecrt,
1004 1289 1115 1354 annale
1130 1291 1218 1355 rako-

290 1395 347 1458 naa'
361 1415 382 1456 α
396 1393 541 1458 tattcaraelc
555 1394 720 1460 tuacotcacr
735 1395 918 1481 eleapadtelr.
936 1397 1032 1459 1291.

422 1593 460 1657 A.
569 1593 604 1656 Β.
715 1592 749 1658 O.
860 1593 899 1658 D.

207 1771 379 1840 Vniuersis
394 1771 516 1837 Christi
534 1771 686 1838 fidelibus
703 1778 872 1858 presentes
889 1774 1015 1840 litteras
1027 1776 1221 1860 inspecturis

98 1877 289 1962 Capitulum
306 1880 455 1946 Ecclesia
471 1882 685 1948 Posoniensis
706 1882 843 1948 salutem
860 1881 893 1947 in
910 1882 1060 1950 Domino.
1082 1883 1134 1952 ad
1150 1886 1219 1951 uni·

97 2007 269 2054 uersorum
300 1987 452 2054 noticiam
484 1995 598 2055 tenore
622 1989 827 2074 presencium
853 1990 1004 2056 uolumus
1036 1995 1220 2076 pervenire,

99 2095 187 2180 qnod
202 2095 364 2163 Joaohino
381 2095 422 2160 de
438 2097 517 2163 Feel
528 2096 622 2163 simul
635 2117 706 2162 cum
724 2096 789 2162 filio
806 2117 864 2165 suo
881 2097 1016 2184 Jacobo‚
1029 2107 1060 2166 et
1077 2102 1220 2167 Lauren-

99 2207 149 2271 cio
166 2204 235 2270 filio
260 2205 425 2271 Valentini
453 2212 593 2292 cognato
619 2223 678 2271 suo
695 2207 738 2272 ab
756 2224 820 2272 una
836 2213 951 2292 parte3
970 2205 1127 2274 Ladislao
1156 2208 1223 2274 filio

98 2315 194 2401 parui
211 2313 373 2398 Stephani
390 2311 432 2378 ab
450 2315 568 2397 altera,
595 2315 780 2380 constitutis
804 2334 909 2380 eoram
927 2314 1023 2381 nobis
1043 2317 1222 2402 personali-

97 2431 166 2503 ter,
194 2420 294 2506 ijdcm
312 2421 511 2503 Joaohinus‚
534 2423 677 2489 Jacobus
698 2429 731 2488 et
756 2423 957 2490 Laurcncius
975 2429 1050 2489 sunt
1067 2423 1222 2510 confessi,

101 2530 287 2616 quodlicet
313 2549 411 2616 super
432 2537 534 2597 morte
551 2531 713 2598 Johannis
729 2529 786 2595 lilii
813 2533 961 2617 ejusdem
987 2531 1140 2599 Joachini
1165 2553 1224 2621 per

100 2639 243 2706 eundem
259 2639 452 2708 Ladislanm
466 2639 645 2706 casualiter
657 2644 844 2725 perpetrata
861 2641 975 2710 ordine
986 2639 1161 2708 iudiciario
1177 2642 1223 2706 in-

101 2756 275 2838 terpentes
286 2747 540 2816 saissetdiucius
551 2750 760 2834 altercatum3
778 2750 820 2835 ad
841 2751 987 2815 ultimum
1005 2758 1114 2816 tamen
1127 2749 1225 2816 medi·

100 2858 232 2923 antibus
244 2857 353 2942 probis
364 2859 442 2926 viris
453 2865 585 2944 propter
605 2859 723 2924 bonum
742 2859 836 2944 pacis
856 2860 888 2923 in
901 2859 1086 2942 quindecim
1104 2859 1224 2927 marcis

100 2965 309 3034 denariorum
321 2966 565 3052 Vyennensinm
584 2965 856 3050 concordassent;
874 2986 958 3050 quas
970 2965 1220 3050 videlicetquin-

102 3074 207 3142 decim
225 3092 354 3139 marcas
365 3071 464 3160 ijdem
480 3073 671 3158 Joaohinus,
691 3075 846 3158 Jacobus,
859 3075 1062 3142 Laurentius
1075 3094 1221 3142 asseren-

101 3191 152 3250 tes
170 3203 208 3250 se
224 3184 266 3248 ab
284 3179 398 3250 eodem
420 3181 577 3248 Ladislao
603 3181 749 3266 plenarie
767 3183 952 3266 recepisse,
969 3184 1106 3250 eundem
1123 3183 1219 3250 Ladi-

102 3291 208 3358 slaum
220 3310 317 3375 super
329 3291 443 3358 eadem
456 3297 557 3357 morta
568 3289 781 3355 reddiderunt
792 3291 822 3354 in
835 3291 937 3356 nostri
950 3290 1123 3376 presencia
1132 3293 1222 3377 peni-

103 3409 154 3468 lus
167 3398 354 3484 expeditum
368 3421 375 3482 3
393 3399 579 3481 obligantes
591 3416 636 3478 se,
649 3397 734 3482 quod
746 3397 927 3481 quicunque
942 3403 1122 3484 temporum
1139 3395 1225 3486 (lgy)

104 3510 242 3575 eundem
259 3505 448 3574 Ladislaum
464 3507 595 3573 racione
612 3505 724 3588 mortis
751 3505 853 3589 ipsius
880 3505 1047 3574 Johannis
1072 3506 1227 3590 impetere

103 3617 241 3684 forsitan
253 3620 496 3701 attemptarent,
517 3615 580 3701 ipsi
595 3615 722 3681 scilicet
732 3615 922 3695 ronchinus,
939 3615 1086 3684 Jacobus
1097 3616 1226 3682 ctLau-

103 3725 233 3791 rencius
251 3726 446 3792 tenebuntur
472 3743 545 3790 eum
572 3722 726 3806 expedire
742 3723 884 3808 proprijs
902 3717 1099 3806 (laboribus)
1121 3729 1153 3788 et
1175 3743 1228 3790 ex-

103 3835 227 3920 pensis.
246 3835 283 3899 In
302 3834 396 3920 cujac
407 3832 454 3902 rei
468 3834 656 3900 memoriam
673 3836 844 3918 presentes
863 3830 1084 3900 concessimus
1101 3831 1229 3899 litteras

104 3943 206 4028 sigilli
226 3940 329 4008 nostri
356 3942 531 4008 munimine
548 3939 727 4007 roboratas.
747 3940 868 4005 Datum
895 3938 927 4004 in
946 3926 1112 4021 quindena
1134 3938 1229 4006 Beati

103 4051 277 4119 Michaelis
296 4050 498 4136 Archangeli
515 4069 602 4117 anno
619 4047 752 4115 Domini
777 4045 970 4114 millessimo
989 4045 1229 4115 dueentessimo

104 4158 319 4243 nonagesimo
335 4157 450 4242 primo.

106 4353 242 4426 (Hirtya.
264 4352 291 4406 Α
305 4351 371 4423 meg
393 4351 429 4425 ep
444 4352 543 4424 peesct
557 4354 680 4410 namneti
695 4350 776 4409 sainll
790 4355 918 4424 aelymen
933 4351 1013 4424 ftigg.
1026 4347 1230 4421 Ponsonykap-

178 4442 270 4498 taleni
284 4440 421 4517 creaagos
435 4441 559 4500 levcltar
573 4441 668 4515 Capsa
678 4441 754 4498 XIV.
768 4443 851 4498 Face.
863 4441 907 4498 22.
920 4438 989 4498 Nro.
1003 4442 1029 4495 2.
1047 4438 1159 4510 lincea.)

538 4702 755 4712 —0———.—-—·-
779 4705 801 4714 -
