3072 5168
550 313 707 414 Lae-

51 506 206 575 filiorum
224 507 364 591 inance,
392 528 454 592 que
468 511 563 577 nobis
588 511 620 576 in
638 508 779 577 diversis
798 511 903 592 Regni
927 507 1030 580 nerui
1047 507 1178 594 expedi-

51 617 218 686 cionibus
234 617 445 685 laudabiliter
460 618 691 703 impenderunt
705 619 799 701 locis,
826 626 857 686 et
874 618 1076 704 temporibus
1091 635 1183 703 opor·

53 727 162 806 turris,
182 733 216 792 et
232 727 309 810 quia
325 727 429 794 eciam
445 728 604 812 magister
619 726 921 812 Aladarius,irater
937 729 1092 816 ipsorum,
1108 724 1184 791 fide-

52 837 99 903 lis
117 836 219 903 miles
236 840 358 917 noster,
375 835 672 922 inexpugnacione
689 837 790 904 castri
802 835 947 904 Adorian
959 835 1080 920 uocati,
1098 833 1184 917 quod

54 945 200 1029 quidem
216 951 359 1011 castrum
384 942 595 1011 detinebatur
620 948 899 1012 contranostram
927 944 1065 1028 Regiam
1083 942 1184 1009 Maie-

56 1061 205 1136 statem,
226 1051 333 1117 extitit
358 1052 597 1138 interemptos,
622 1054 804 1139 predictam
821 1062 942 1120 terram
958 1051 1074 1139 Bndoy
1089 1069 1183 1118 uoca-

57 1172 139 1244 tam,
159 1180 260 1242 quarn
275 1159 402 1228 Niklrel
419 1168 451 1228 et
467 1163 617 1229 Andreas
634 1161 692 1228 tilii
709 1163 814 1247 Pauli,
832 1161 960 1228 ctfilius
977 1160 1082 1246 ipsius
1098 1153 1177 1226 Nik·

57 1272 118 1336 kel
136 1253 291 1356 Libyan,
308 1275 341 1332 et
355 1269 549 1338 Dominicus
566 1270 651 1340 filius
669 1271 833 1353 eiusdem,
850 1272 969 1340 Cornel
989 1279 1022 1338 et
1038 1269 1181 1356 Stepha-

58 1397 136 1461 nus,
156 1398 197 1441 ac
213 1375 271 1442 filii
288 1378 456 1444 Valentini
472 1386 505 1445 et
524 1380 583 1446 filii
598 1378 756 1464 Ohompo,
769 1377 990 1464 jobbagioncs
1010 1379 1110 1446 castri
1128 1397 1184 1442 no·

58 1490 121 1553 stri
138 1487 362 1554 Musuniensis
378 1488 614 1576 possidebant,
644 1490 699 1571 qui
716 1508 755 1557 eo
772 1498 940 1575 tempore,
960 1509 1031 1556 cum
1051 1506 1110 1553 nos
1126 1505 1186 1573 per

59 1597 260 1683 magistrum
276 1593 460 1666 Johannem
477 1597 578 1665 fitium
603 1597 736 1666 Henrici
751 1597 835 1664 Beni
860 1599 984 1666 detenti
1009 1597 1185 1678 fueramus,

59 1705 171 1774 nostri
187 1710 283 1770 erant
300 1703 467 1791 custodes,
484 1726 548 1792 per
563 1706 705 1774 eundem
722 1705 908 1792 magistrum
926 1704 1112 1773 Johannom
1131 1704 1184 1770 de·

59 1815 190 1904 putati,
208 1820 241 1878 et
258 1818 373 1880 contra
389 1823 534 1882 nostram
562 1815 699 1899 Regiam
715 1814 922 1884 Maiestatem
945 1817 1184 1901 processerunt,

60 1927 95 1990 in
114 1921 314 1989 detentione
330 1929 445 1990 nostra
471 1942 600 1990 omnem
618 1924 714 1991 nobis
733 1923 885 2010 injuriam
905 1921 1094 2005 inferendo,
1111 1940 1185 2009 pro·

59 2041 135 2120 pter
153 2051 265 2100 eornm
291 2050 445 2102 excessus
470 2032 654 2100 huiusmodi
680 2033 824 2100 notorios
850 2035 1060 2110 manifestos,
1088 2035 1120 2098 et
1136 2031 1183 2098 in·

61 2140 259 2208 fidelitatem
285 2139 427 2225 ipsorum
453 2141 681 2224 manifestam,
709 2141 749 2208 de
766 2161 949 2227 consensu,
967 2142 1136 2211 voluntate
1151 2145 1186 2206 et

61 2250 276 2338 beneplacito
291 2251 499 2320 Prelatorum
525 2257 558 2318 et
573 2252 739 2320 Beronum
764 2252 871 2339 Regni
887 2251 1009 2334 nostri,
1038 2269 1078 2319 ac
1094 2247 1185 2316 nobi·

63 2359 143 2428 lium
173 2379 270 2443 quam
288 2357 521 2445 plurimorum,
548 2360 590 2430 ab
608 2361 733 2428 eisdem
752 2358 940 2429 infidelibus
959 2359 1078 2427 nostris
1095 2357 1185 2428 anie

63 2468 184 2549 nendo,
201 2466 390 2534 memoratis
414 2468 533 2549 Petro,
561 2467 719 2536 Ladislao
737 2475 769 2535 ct
786 2467 950 2553 Jobcnni,
974 2465 1049 2534 filiis
1065 2467 1185 2534 qunce

65 2594 107 2642 ac
123 2574 203 2640 filiis
219 2572 332 2641 fratris
349 2593 461 2641 eorum
486 2573 637 2642 Atadarii
652 2575 842 2661 supradicti,
859 2575 1030 2661 dedimus,
1047 2573 1184 2643 donari·

65 2705 138 2752 mus
154 2690 189 2750 et
206 2683 423 2767 contulimus,
449 2705 512 2752 non
529 2691 596 2752 tam
613 2686 706 2771 ipsis,
722 2705 819 2772 quam
835 2687 981 2772 ipsorum
997 2684 1184 2772 heredibus,

64 2793 290 2876 heredumque
317 2811 446 2860 suorum
473 2795 719 2863 successoribus
745 2796 815 2863 iure
831 2801 989 2884 perpetuo
1006 2798 1041 2862 et
1055 2793 1184 2861 irreuo-

65 2901 218 2969 cabiliter
234 2900 372 2986 pacifice
388 2901 644 2989 possidendam,
670 2906 848 2973 tenendam
864 2902 987 2990 puriter
1013 2907 1046 2968 et
1060 2901 1184 2970 haben-

65 3011 153 3078 dam.
172 3009 211 3076 ln
227 3010 319 3076 cuius
334 3011 383 3077 rei
400 3013 611 3098 memoriam,
630 3019 888 3101 perpetuamque
904 3013 1093 3080 firmitatem
1109 3029 1183 3098 pre·

66 3127 180 3191 sentes
198 3119 422 3190 concessimus
438 3122 586 3205 litteras,
605 3123 744 3210 duplicis
762 3121 866 3209 sigilli
886 3121 988 3188 nostri
1005 3119 1183 3188 munimine

67 3231 252 3299 roboratas.
280 3231 403 3297 Datum
427 3252 486 3320 per
511 3253 628 3300 manns
654 3231 854 3301 venerabilis
879 3231 982 3320 patris
1007 3227 1183 3318 Theodori,

68 3341 131 3408 Dei
147 3339 264 3426 gramc
289 3339 447 3426 Episcopi
464 3341 670 3423 dauriensis,
696 3343 770 3412 aule
787 3333 898 3410 nostre
919 3339 1183 3409 Vico-Cancellis·

68 3451 127 3534 rii,
144 3449 259 3516 dilecti
285 3453 318 3514 et
344 3449 452 3518 fidelis
477 3453 603 3534 nostri,
629 3471 715 3519 anno
733 3452 775 3518 ab
800 3449 1038 3520 Incamacione
1054 3447 1184 3516 Domini

66 3558 116 3624 Μο
133 3557 205 3626 00⁰
220 3559 437 3644 nonagesimo
453 3561 575 3644 quinto,
598 3562 710 3644 quinto
720 3558 885 3628 kalendas
896 3557 1057 3641 Octobris,
1078 3559 1184 3643 Regni

68 3675 175 3737 autem
191 3669 297 3735 nostri
313 3687 399 3735 anno
419 3675 522 3738 sexto.

488 3863 545 3928 (Aa
560 3865 669 3922 eredsti
684 3863 779 3938 utin.)

499 4175 600 4184 *ιιι-...ς
621 4172 750 4184 *νη*-
