3094 5168
837 301 992 401 Aa.-

355 503 424 564 tate
450 498 597 583 gaudent
621 501 710 567 ciues
728 501 968 580 Posonienses,
995 501 1171 565 secuudum
1199 499 1284 582 quod
1310 501 1341 566 in
1367 519 1461 565 eorum

353 605 538 690 priuilegijs
555 609 746 674 continetur.
764 609 815 672 Ita
831 617 960 690 tamen,
988 607 1076 690 quod
1092 625 1151 693 pro
1168 609 1316 690 quotibet
1332 607 1461 674 cibriono
1539 657 1540 660 ,

353 712 485 780 soluerit
502 715 646 800 quinque
663 717 847 801 quartalia,
866 715 1045 782 secundum
1062 717 1146 797 quod
1163 718 1195 782 in
1214 717 1353 785 Posonio
1369 722 1399 783 et
1414 736 1462 800 per

356 829 460 888 totam
478 829 598 893 terram
627 827 756 894 soluere
772 831 1018 894 consueuerant
1043 827 1082 892 In
1099 826 1190 894 cuius
1217 827 1265 892 rei
1293 825 1463 892 memoriam

354 940 526 1020 presentes
543 933 694 1000 dedimus
710 934 838 1002 litteras
856 935 954 1019 sigilli
972 936 1076 1002 nostri
1098 935 1274 1003 munimine
1295 937 1462 1008 roboratas,
1540 915 1541 924 ἵ

355 1061 443 1107 anuo
458 1043 591 1108 Domini
609 1045 780 1111 millesimo
805 1043 1027 1110 ducentesimo
1047 1043 1263 1126 nonagesimo
1292 1047 1391 1111 sexto.
1407 1043 1462 1107 Da·

354 1158 423 1217 tum
440 1150 524 1216 feria
540 1153 684 1220 secunda
700 1160 775 1236 post
793 1153 998 1221 Dominioam
1018 1151 1172 1221 Jubilate.

355 1380 499 1455 (Hirtya3
513 1383 693 1441 vitriis-fobet
706 1387 858 1457 selyemrdl
871 1385 961 1461 tuggo
975 1385 1011 1459 dp
1022 1386 1174 1460 pecsettel.
1189 1383 1463 1456 Pozsonykdptalaui
1542 1423 1543 1430 κ

472 1473 608 1547 orsudgos
619 1475 749 1534 ievdltdr.
763 1475 859 1550 Capsa
873 1477 949 1534 XIV.
963 1479 1048 1535 Fasc.
1061 1478 1103 1533 17.
1117 1479 1185 1536 Nro.
1201 1478 1226 1532 i.
1246 1477 1359 1544 Knauz.)

780 1795 1053 1807 ,συ-Ἥ

360 2636 443 2700 Irrue
458 2643 567 2698 mester
581 2641 717 2716 ecaterpu
723 2631 764 2694 mi
774 2631 904 2714 proposi
913 2652 933 2692 a
943 2631 1109 2715 veazprdmc‘
1118 2627 1244 2715 ptispiik
1254 2630 1286 2691 da
1300 2649 1338 2690 az
1351 2624 1469 2690 abnuat

360 2741 516 2826 kdptaiaa
532 2738 600 2802 teuzo
617 2759 637 2798 a
652 2736 750 2800 bardai
775 2736 895 2799 tizedele
911 2735 1089 2820 tdrpydbaa
1107 2733 1229 2821 lafolyd
1237 2733 1362 2820 parbem,
1381 2733 1470 2796 Ludo-

361 2851 426 2914 me'r
442 2847 527 2912 drsok
543 2842 793 2910 lratdroaatdoalo
804 2841 944 2928 folytda,
963 2866 983 2904 o
999 2843 1158 2928 datdrnop
1173 2843 1394 2909 aldcluoztdadt
1407 2863 1469 2904 roa-

827 2951 903 3016 dett.
921 2953 1017 3016 1295.

469 3172 537 3236 Nos
553 3171 711 3257 Magister
730 3169 899 3256 Emyrious
916 3169 1107 3254 Propositus
1125 3167 1274 3236 Ecclesie
1291 3165 1400 3234 Sancti
1416 3165 1469 3230 Ge-

363 3280 445 3364 orgii
462 3279 503 3346 de
520 3277 696 3363 Strigonio‚
709 3277 811 3362 judex
828 3299 848 3342 a
866 3278 952 3346 Sede
968 3279 1162 3362 Apostolica
1177 3279 1210 3346 in
1221 3277 1282 3346 hac
1294 3296 1393 3344 causa
1407 3295 1470 3359 spe·

363 3389 489 3458 cialiter
515 3387 686 3472 delegatus
712 3387 868 3453 memorie
894 3387 1010 3454 damus
1037 3407 1094 3472 pcr
1120 3395 1310 3471 presentes,
1338 3383 1471 3470 quodin

364 3516 474 3578 causa,
493 3517 590 3582 quam
607 3496 764 3582 magister
783 3495 932 3581 Myohael
960 3496 1147 3581 Propositus
1165 3501 1196 3558 et
1222 3493 1405 3580 Capitulum
1418 3493 1471 3554 Bu-

365 3605 486 3686 denee,
513 3625 553 3671 ex
570 3604 686 3687 quibus
703 3604 852 3689 magistri
868 3603 914 3669 St.
931 3605 1087 3670 Deoanus
1104 3609 1137 3668 et
1153 3601 1288 3667 Lukach
1310 3599 1471 3668 Budeuses

364 3714 522 3781 Canonioi
538 3733 610 3779 curn
632 3714 749 3779 litteris
767 3713 995 3796 procuratoriis
1021 3711 1203 3790 astiterunt,
1221 3715 1334 3775 contra
1350 3726 1473 3775 venera·

363 3823 463 3890 bilem
480 3827 604 3906 patrem
623 3824 657 3886 B.
675 3819 736 3886 Dei
748 3821 861 3905 gracia
873 3821 1067 3908 Episcopum
1080 3817 1356 3904 vesprimiensem
1375 3823 1406 3883 ot
1418 3814 1473 3880 Oa-

363 3931 500 4015 pitqum
514 3930 579 3997 ioci
596 3927 752 4013 ejusdem,
771 3949 830 4014 pro
850 3931 966 4012 quibus
983 3936 1015 3992 et
1032 3947 1073 3992 ex
1090 3927 1205 4010 quibus
1222 3927 1338 3992 Petrus
1364 3925 1475 3991 Cantor

362 4039 513 4106 Ecclesia
530 4037 790 4121 vesprimiensis,
803 4046 834 4104 et
847 4037 1065 4105 Gerekminus
1078 4035 1230 4104 Deoanus
1242 4034 1392 4100 similiter
1410 4049 1473 4096 oum

364 4146 508 4230 legitimo
534 4145 754 4230 procuratorio
781 4155 1023 4229 comparentem
1041 4138 1127 4229 (igy)
1154 4145 1186 4208 iu
1213 4142 1342 4210 ootauis
1370 4135 1474 4208 Sancti

365 4255 465 4336 Regis
477 4253 637 4336 Stephani
650 4272 762 4320 coram
774 4254 869 4320 nobis
886 4261 918 4319 et
929 4255 1003 4321 aliis
1014 4252 1152 4335 collegis
1169 4252 1287 4316 uostris
1304 4249 1472 4325 habebant,

364 4361 490 4426 litteras
515 4361 712 4429 venerabilis
730 4363 832 4446 patris
850 4361 1037 4430 Lodomerii
1054 4359 1291 4445 Strigonieusis
1311 4353 1474 4438 Archiepi·

366 4473 468 4552 scopi,
485 4469 608 4536 domini
625 4471 736 4547 nostri,
749 4469 1011 4552 procuratoribus
1029 4467 1175 4553 ejusdem
1194 4466 1355 4534 Budeusis
1372 4461 1473 4530 Eccle-

367 4577 416 4644 sie
432 4575 596 4644 exhibitas
611 4579 793 4659 recepimus
809 4579 869 4643 sub
889 4580 950 4642 hac
967 4577 1097 4645 forma:
