3094 5168
602 237 669 306 209

67 456 137 504 ram
153 435 282 519 Igueu,
298 435 389 504 unde
403 433 593 504 ascenditur
608 433 652 501 ad
666 433 755 498 barca
770 434 813 501 ad
830 439 899 502 tres
916 441 1034 520 metes,
1057 457 1195 521 quarum

65 562 131 610 una
146 543 366 628 eettlapituli,
384 545 490 611 altera
506 542 672 628 hospitum
689 541 731 610 de
749 539 851 627 Iguen
867 550 900 610 et
915 543 1011 612 tertia
1029 543 1197 630 hospitum

66 653 109 719 de
119 652 266 721 Orakow
281 651 531 738 praedictorum,
548 651 606 719 ubi
621 651 737 738 incipit
748 656 862 718 tenere
874 657 979 719 metas
996 671 1068 719 cum
1085 652 1196 738 hospi·

65 761 156 828 tibus
173 761 216 828 de
233 759 387 846 Orakow,
403 767 436 829 ct
451 781 510 846 per
525 759 614 828 idem
630 757 718 826 berec
732 761 869 827 comitur
879 759 1051 847 paulisper
1066 761 1112 830 ad
1127 781 1195 827 me-

67 868 199 954 ridiem,
217 875 251 934 et
276 869 460 938 ascendens
478 868 638 936 adunam
653 873 773 935 metam
798 869 891 936 venit
907 870 951 935 ad
976 867 1075 939 aliam
1092 869 1126 935 in
1143 888 1196 936 eo·

69 978 145 1044 dem
160 977 251 1042 derce
260 1031 270 1066 ‚
294 978 328 1046 in
345 997 409 1062 quo
425 978 572 1046 declinat
595 979 714 1043 iterum
729 976 775 1044 ad
790 975 970 1060 orientem,
996 983 1031 1042 et
1045 976 1135 1045 venit
1152 975 1197 1044 ad

66 1084 150 1152 duas
166 1092 275 1154 metas
290 1093 429 1174 terreae,
440 1085 530 1154 undo
545 1085 698 1152 aseendit
716 1105 776 1173 per
792 1084 924 1154 dorsum
940 1085 1061 1154 montis
1078 1085 1191 1154 nicos-

66 1196 170 1262 Bercn
184 1195 299 1264 uocati
314 1195 359 1264 ad
374 1196 460 1264 duas
471 1202 589 1278 metas,
606 1192 685 1262 inde
703 1194 817 1261 eodem
827 1211 946 1280 gressu
965 1191 1108 1260 adduas
1125 1211 1191 1262 me·

66 1307 130 1384 tas,
147 1303 238 1370 unde
254 1303 383 1373 venitur
400 1303 445 1372 ad
463 1303 675 1389 supercilium
692 1302 796 1386 ipsius
816 1303 903 1366 dcccc
922 1301 1106 1372 admotam
1122 1321 1196 1387 per·

67 1409 234 1498 foratam,
258 1409 379 1480 abinde
395 1412 570 1480 descendit
585 1411 629 1478 ad
646 1410 731 1480 duas
747 1416 853 1480 metas
865 1410 965 1496 juxta
982 1411 1090 1496 pirum
1107 1410 1195 1497 posi·

67 1524 119 1586 tas
130 1567 141 1602 ,
157 1519 248 1587 unde
274 1519 366 1587 cedit
389 1519 424 1586 in
439 1519 613 1590 Morisium
637 1526 671 1586 et
695 1537 755 1603 per
770 1517 940 1586 Morisium
963 1515 1137 1588 descendit
1152 1519 1197 1590 ad

67 1633 188 1697 metam
205 1627 352 1715 priorem
367 1633 460 1698 terra
476 1628 647 1697 Borbcnth
663 1645 685 1694 a
701 1625 842 1695 meridie
851 1676 860 1712 ,
886 1633 976 1694 terra
993 1647 1071 1697 vero
1088 1627 1197 1716 bospi-

66 1743 132 1803 tum
148 1732 192 1806 de
210 1736 357 1806 cralton
371 1735 643 1823 aseptemtrione
661 1733 943 1806 remanentibus.“

173 1927 322 2005 (Teutsch
334 1929 366 1992 ds
378 1929 543 1992 Fimhsber
551 1929 590 1989 id.
603 1949 640 1988 m.
652 1930 674 1987 L
686 1930 748 1990 ktt
760 1929 895 1990 LXXXI.
909 1930 928 1986 1.
939 1929 1003 1989 376.
1014 1947 1054 1990 eu.
1067 1925 1107 2000 a.)

602 2757 679 2824 140.

75 2954 171 3021 VIII.
187 2951 351 3040 Bonifdez
360 2955 453 3041 pdpo
469 2952 615 3040 Gecpetyt
630 2953 800 3020 cdlccctatt
823 2949 1144 3040 materqucac'ssdreelcet,
1161 2973 1200 3016 aa

68 3063 257 3152 mogunt
271 3063 305 3129 de
319 3083 342 3127 a
356 3060 623 3148 czdbecfebdrcdri
638 3060 797 3149 cpybdcolc
813 3059 1105 3149 kcrmdoycdsdboa
1118 3081 1199 3148 meg-

519 3169 635 3236 crdcitc'.
656 3170 755 3238 1299.

180 3365 372 3438 Bonilacius
389 3366 575 3454 Episcopus
598 3371 716 3435 seruus
734 3385 902 3436 seruorum
914 3366 978 3434 Dei
994 3365 1116 3438 dilecto
1131 3363 1200 3436 lilio

68 3477 217 3564 Georgio
233 3474 360 3544 illecto
374 3475 597 3559 strigoniensi
613 3476 755 3545 salutem
771 3481 805 3544 et
820 3473 1046 3561 Apostolicam
1064 3476 1201 3546 benedi·

68 3587 224 3656 ctionem.
240 3585 472 3655 Preteritorum
500 3584 660 3653 exhibitio
675 3592 861 3671 temporum
877 3581 920 3652 ad
935 3583 1126 3653 memoriam
1151 3603 1202 3653 re·

67 3701 193 3766 vocata
207 3691 421 3783 demonstret,
444 3693 532 3778 quod
557 3694 668 3764 nobile
693 3695 845 3782 Regnum
866 3692 1013 3781 Ungarie
1038 3693 1203 3777 valdeque

67 3803 235 3891 diffusum
253 3804 357 3873 multa
365 3805 512 3890 plebium
531 3807 758 3892 generositate
773 3805 939 3892 refertum,
956 3810 1130 3892 postquam
1144 3804 1201 3874 Di

67 3915 194 3983 rinitus
211 3914 405 4000 inspiratum
421 3913 519 3982 iidem
535 3913 659 3984 Christi
681 3919 837 4003 suscepit,
855 3915 951 4000 qnasi
971 3917 1097 4002 optime
1111 3921 1204 3984 terra

70 4019 201 4090 fructus
218 4021 359 4108 optimos
376 4020 519 4106 protulit,
543 4021 699 4107 palmites
714 4021 871 4108 produxit
886 4024 1020 4108 electos,
1037 4029 1070 4090 et
1085 4030 1154 4094 tum
1169 4022 1203 4092 in

68 4129 329 4214 Ecclesiasticis,
346 4151 444 4214 quam
455 4131 667 4200 secularibus
678 4131 830 4218 personis
840 4132 971 4217 lapides
989 4131 1083 4201 vivos
1099 4137 1134 4200 et
1147 4129 1204 4198 bo·

68 4237 242 4308 notabiles
258 4238 376 4308 habuit
390 4257 431 4306 ac
447 4239 582 4326 electos,
598 4243 772 4327 presertim
788 4259 950 4329 personas
966 4239 1138 4323 utriusque
1152 4257 1203 4306 se·

68 4364 133 4413 xus
150 4368 174 4418 a
189 4345 272 4416 dicti
283 4345 391 4433 Regni
407 4348 504 4418 domo
520 4348 628 4434 Regia
647 4349 877 4436 procedentes,
893 4347 1009 4432 utique
1024 4345 1205 4414 sanctitate

68 4453 233 4545 proditas,
249 4456 356 4526 multa
365 4457 522 4525 virtutum
537 4459 700 4526 varietate
715 4457 866 4542 donatas,
884 4476 948 4540 que
958 4454 1054 4539 quasi
1069 4454 1205 4524 lucerne

67 4561 228 4632 ardentes
244 4585 312 4632 non
328 4565 390 4634 sub
414 4563 533 4653 modio,
551 4565 612 4634 sed
628 4581 732 4652 supra
748 4564 984 4635 candelabrum
1000 4563 1119 4650 posite,
1138 4582 1204 4632 non

123 4688 229 4733 norun
238 4687 320 4731 nuno.
330 4687 511 4734 msa-nnn.
526 4687 560 4733 ro.
1000 4673 1044 4740 14
