3144 5180
820 331 977 436 A.-

329 523 484 594 studeant
512 533 545 595 et
569 527 672 614 tueri,
699 525 821 612 tibique
838 549 936 616 super
961 529 1029 598 illis
1054 539 1210 616 tunquam
1236 533 1450 602 devotissime

331 635 426 702 Sedis
451 639 641 720 Apostoliee
667 637 732 706 filie
758 659 795 706 se
819 640 963 710 reddant
989 641 1192 710 favorabiles
1218 649 1250 710 et
1276 644 1450 727 benignos,

328 743 446 830 quibus
465 751 533 812 tam
559 765 657 832 super
682 755 858 830 moratus,
878 769 977 834 qnam
1002 769 1101 835 super
1127 754 1215 819 exitu
1232 751 1274 818 de
1299 751 1452 836 Ungarie

329 851 479 938 partibus
506 853 637 938 aperire
662 856 786 940 poteris
814 861 925 924 uotum
941 865 1039 924 tunm.
1063 860 1185 925 Datum
1203 858 1294 946 apud
1310 858 1451 927 Urbem·

329 961 480 1030 Veterem
495 963 534 1028 V.
551 961 630 1030 Idus
647 963 860 1050 Septembris,
886 965 1095 1035 Pontificatus
1113 969 1216 1034 nostri
1233 989 1320 1036 anuo
1336 969 1451 1035 tertio.
1568 1051 1569 1066 χ

330 1173 389 1246 (IV.
403 1177 508 1233 lliklds
521 1175 599 1252 ptpa
611 1177 809 1252 Regestdibdl,
822 1181 948 1240 Theiner
961 1181 1149 1240 Monumenta
1162 1182 1217 1240 stb.
1231 1183 1252 1238 1.
1265 1183 1325 1240 los
1338 1182 1401 1239 369.
1416 1181 1452 1253 l.)
1568 1133 1569 1160 ξ

767 1481 1018 1500 Μ

869 2069 905 2136 d·

332 2281 351 2343 1
357 2281 391 2346 V.
408 2280 526 2346 Miletos
536 2287 629 2369 pdpa
646 2283 826 2350 Benoeaute
842 2287 989 2372 superbiai
999 2289 1182 2377 pdaplilmek
1197 2293 1229 2354 ds
1244 2291 1379 2376 apostoli
1395 2291 1456 2353 ku-

330 2390 446 2474 eatoalo,
466 2415 482 2454 s
496 2389 649 2456 Ledoosdr
665 2397 847 2480 esatetpamt'
864 2397 1012 2462 sednon
1025 2397 1222 2485 propleuma,
1247 2397 1327 2484 dopp
1339 2399 1456 2462 Eras-

330 2497 378 2562 bet
393 2498 651 2587 dwsqpks'rdlyod
667 2503 827 2588 jopoiook
850 2503 1079 2570 estredensis
1097 2503 1353 2590 seontartdsdrdl
1376 2527 1457 2592 porr-

713 2609 943 2696 doskodjaoak.
960 2613 1056 2680 1290.

442 2823 601 2894 Nicolnus
626 2824 811 2913 Episcopus
838 2846 952 2896 seruus
977 2848 1145 2898 seruorum
1173 2829 1237 2896 Dei
1265 2828 1441 2898 venerabil

329 2932 424 3000 tratri
440 2935 477 2999 B.
493 2934 659 3020 Episeopo
675 2933 866 3021 Engubino‚
891 2937 1082 3023 Apostoliee
1099 2937 1196 3008 Sedis
1212 2941 1342 3024 Legato
1358 2939 1454 3004 saln-

330 3047 393 3110 tem
410 3049 443 3110 et
458 3042 680 3128 Apostoliesm
697 3045 973 3112 benedictionem.
1001 3046 1080 3113 (inm
1098 3047 1193 3114 tend
1210 3047 1317 3132 Regni
1332 3055 1454 3133 partes

330 3151 495 3238 Unguis,
512 3152 544 3218 in
561 3169 642 3236 quo,
669 3159 702 3218 et
717 3153 751 3220 in
767 3153 936 3221 nonnullis
952 3155 1030 3222 nliis
1045 3155 1164 3222 vieinis
1191 3155 1240 3222 illi
1256 3155 1457 3240 provinciis,

329 3261 503 3328 commisso
520 3260 580 3328 tibi
596 3261 696 3346 plene
723 3263 901 3346 legationis
927 3261 1054 3349 otlioio,
1081 3262 1279 3332 fiduoialiter
1304 3265 1457 3332 destine-

327 3390 399 3438 mus
409 3419 419 3454 ‚
436 3377 471 3436 et
486 3370 763 3455 intellexerimus,
790 3372 879 3456 quod
895 3372 1060 3454 quondam
1077 3422 1085 3437 .
1102 3421 1112 3440 .
1129 3422 1136 3436 .
1152 3371 1224 3438 Rex
1242 3369 1388 3456 Ungarie
1405 3371 1457 3438 de

327 3479 437 3548 medio
453 3480 497 3546 sit
512 3479 672 3564 sublatus,
691 3498 752 3548 nes
768 3481 814 3548 ad
840 3481 1043 3548 carissimam
1071 3482 1104 3547 in
1121 3479 1253 3548 Christo
1269 3477 1369 3547 liliam
1387 3499 1451 3546 no-

327 3597 429 3656 strum
445 3589 482 3656 Ε.
506 3587 664 3673 Reginam
683 3587 830 3672 Ungarie
845 3587 1031 3672 Illustrem,
1047 3593 1160 3654 nstanr
1185 3588 1274 3654 olere
1292 3587 1457 3654 memorie

329 3697 439 3768 Garuli
463 3697 565 3783 Regis
591 3697 725 3775 Sieilie,
752 3715 852 3781 super
877 3697 1045 3766 doloribus
1070 3703 1104 3763 et
1123 3693 1355 3764 afflietionibus
1379 3697 1457 3763 suis

327 3813 479 3894 gerentes
494 3813 631 3891 paterne
642 3805 883 3891 compassionis
894 3804 1055 3888 effoetum,
1073 3805 1226 3874 volumus
1236 3811 1271 3872 et
1286 3823 1344 3890 per
1360 3803 1455 3889 Apo-

329 3913 446 3982 stoliea
460 3916 520 3982 tibi
536 3915 660 4000 seripte
675 3913 889 3998 mandamns,
915 3919 1076 3997 quatenns
1102 3934 1163 4000 pro
1179 3919 1295 3982 nostra
1314 3920 1348 3980 et
1362 3915 1455 3999 Ape

328 4023 446 4090 stoliee
462 4023 561 4092 Sedis
586 4021 775 4090 reverentis
799 4023 959 4106 Reginam
975 4023 1082 4108 ipsam
1108 4021 1235 4092 habeus
1252 4022 1454 4108 propensius

328 4131 602 4216 commendatum,
620 4133 767 4218 benigne
782 4139 816 4199 te
831 4150 947 4215 gerere
973 4133 1108 4200 studeas
1125 4132 1214 4199 eirea
1230 4151 1314 4217 eam,
1331 4129 1455 4199 dotali·

326 4245 374 4312 tia
389 4247 423 4306 et
437 4241 502 4308 alia
518 4241 607 4308 bona
629 4247 662 4306 et
677 4241 749 4309 iura
766 4240 871 4326 ipsius
888 4240 1129 4308 manutenendo
1146 4241 1285 4310 sollicite
1301 4259 1341 4306 so
1356 4237 1452 4324 iaro-

324 4350 475 4420 rabiliter
503 4347 732 4433 defendend03
756 4349 848 4416 illem
874 4349 907 4414 in
932 4347 997 4414 hiis
1021 4347 1204 4418 sidenoiem
1230 4348 1454 4432 impensurus,

325 4467 362 4528 nt
377 4456 525 4545 prediola
541 4456 670 4543 Regina
698 4457 745 4526 tui
761 4457 888 4528 isroris
904 4455 1059 4524 auxilium
1078 4455 1141 4525 sibi
1158 4454 1282 4524 sentiet
1305 4455 1454 4540 prointu-

325 4589 406 4654 rum,
422 4575 522 4652 tuqus
537 4565 677 4655 proinde
692 4567 801 4656 possis
818 4587 839 4634 e
854 4567 1028 4638 nobismon
1038 4565 1199 4637 immerite
1218 4563 1452 4636 eommendari.

326 4679 477 4749 (intem
492 4679 653 4762 reinerus,
669 4683 704 4746 nt
720 4676 761 4744 de
780 4675 961 4746 intentione
977 4676 1080 4762 ipsius
1096 4676 1226 4762 Regius
1242 4693 1338 4761 snper
1356 4693 1454 4744 mora
