3094 5168
572 337 726 444 gep-

192 533 266 602 Nos
282 532 382 620 igitur
408 533 624 604 consideratis
639 532 851 605 fidelitatibus
869 541 901 602 et
917 533 1090 626 meriturija
1106 535 1206 604 serui-

81 636 147 724 eija
164 640 347 710 eorundem
372 642 534 710 Jobauuia
543 693 552 727 ,
580 643 723 711 Rolandi
741 649 773 712 et
795 644 899 731 Pauli,
917 661 978 727 que
994 644 1090 718 nobis
1108 644 1140 710 iu
1157 644 1204 710 di-

81 747 191 815 uersis
202 748 471 834 expediciouibus
481 751 587 833 Regni
597 750 699 817 nostri
715 745 1005 838 adgenerantur
1022 768 1202 836 quampar·

80 855 292 944 tieularibus,
308 879 381 928 eum
401 858 490 926 omui
506 857 633 926 feruere
648 857 817 928 fidelitatis
828 858 1066 946 impenderunt,
1083 868 1115 928 et
1130 879 1205 945 spe·

82 963 215 1034 cialiter
238 967 467 1053 attendentes,
494 967 583 1051 quod
599 967 687 1034 idam
713 967 882 1036 Johanues
897 967 933 1034 iu
958 970 1206 1056 expuguaaiuue
1293 1019 1298 1030 .

83 1074 188 1142 rastri
204 1073 339 1162 Kwaeg,
364 1075 450 1160 quad
475 1095 535 1162 per
550 1075 742 1162 Magistrum
759 1075 942 1146 Johannem
959 1076 1059 1145 filium
1076 1077 1207 1146 Henriei

82 1181 181 1266 Beni,
197 1189 274 1249 tuna
289 1189 435 1250 nastrum
453 1189 486 1252 et
496 1184 600 1270 Regni
616 1184 721 1253 nostri
737 1183 900 1253 infidelem
917 1185 1134 1275 detinebatur,
1152 1206 1207 1254 ex·

83 1289 194 1354 hibuit
209 1295 243 1356 et
256 1288 417 1376 inpendit,
435 1309 493 1358 sue
509 1290 679 1359 fidelitatis
704 1293 947 1378 experientiam
958 1290 1127 1360 euidenter
1142 1315 1208 1362 ma·

83 1395 271 1482 nifestans,
297 1397 499 1466 intuentibus
524 1399 618 1468 nobis
636 1393 773 1468 uiriliter
788 1399 973 1468 dimicande
998 1401 1109 1472 mortis
1126 1405 1207 1488 peri-

85 1505 197 1572 eulum
213 1525 278 1574 non
295 1505 486 1591 formidans,
514 1513 654 1590 quatuor
670 1507 787 1576 letalia
803 1513 931 1598 excepit
947 1509 1096 1594 uulnera,
1114 1512 1206 1580 seili-

85 1621 140 1681 cet
155 1613 268 1683 fossus
295 1613 328 1679 in
353 1621 486 1702 pectore
503 1616 621 1686 laueea
642 1617 727 1685 ferra
744 1620 897 1704 seapulas
922 1619 1107 1703 attingenti,
1124 1628 1156 1686 et
1171 1619 1205 1686 fi·

87 1742 149 1791 xus
166 1723 290 1808 sagitta
307 1723 340 1792 iu
357 1743 455 1792 manu
481 1723 607 1811 dextra,
624 1744 664 1790 ae
680 1744 794 1794 cussus
820 1727 930 1812 gladio
956 1727 990 1794 iu
1007 1727 1116 1816 eapite
1143 1729 1208 1796 duo

86 1833 258 1918 perferens
274 1833 411 1900 uulnera
422 1831 456 1900 in
472 1833 698 1919 captiuitatem
714 1833 860 1900 eiusdem
878 1834 1030 1920 Magistri
1045 1832 1207 1904 lobannis

87 1943 251 2027 incidens,
267 1960 372 2027 usque
391 1943 470 2011 anni
491 1943 731 2012 reuolneiouem
749 1949 799 2011 est
816 1944 967 2014 detentus
985 1945 1125 2031 eaptiuis
1142 1946 1209 2012 uin·

87 2051 171 2119 aulis
188 2053 407 2138 mancipatus.
435 2052 517 2118 Item
533 2070 606 2118 eum
622 2070 681 2117 nos
698 2051 888 2138 Magistrum
916 2053 1126 2138 Demetrium,
1151 2053 1209 2120 Ca·

87 2159 200 2228 mitem
227 2161 463 2230 Posouiensem
489 2167 522 2226 et
547 2160 589 2228 de
612 2159 746 2225 Zoulum
772 2161 925 2230 dilectum
942 2169 974 2226 et
1000 2160 1132 2230 fidelem
1148 2151 1209 2227 uoss

87 2277 203 2352 strum,
219 2269 252 2336 iu
262 2288 451 2338 suaeursum
468 2269 589 2338 domiui
600 2269 730 2336 Alberti
746 2271 934 2338 tuueDueis
950 2272 1082 2336 Austrie
1098 2277 1130 2337 et
1146 2269 1209 2338 Sti·

87 2379 146 2460 rie,
164 2395 251 2443 nune
267 2397 346 2446 uara
363 2378 463 2464 Regis
484 2379 701 2445 Romanorum
719 2395 847 2464 semper
863 2379 1014 2465 Augusti,
1031 2378 1136 2465 patris
1155 2397 1210 2444 uo-

88 2486 150 2554 stri
176 2485 363 2570 karissimi,
391 2491 506 2554 eontra
533 2483 717 2570 Odolpbum
733 2492 811 2553 tune
838 2487 959 2572 Regem
977 2489 1207 2570 Romanorum,

88 2592 237 2662 eiusdem
254 2595 358 2679 patris
368 2594 471 2660 nostri
487 2592 656 2661 karissimi
666 2592 842 2680 capitalem
860 2595 1032 2679 inimicum,
1049 2594 1210 2662 destinas·

89 2720 210 2786 semus,
228 2703 275 2768 ibi
290 2703 393 2770 eriam
418 2701 506 2768 idem
522 2701 692 2770 lohannes
709 2701 869 2788 cumipse
886 2703 1103 2789 proficiscens,
1129 2705 1210 2772 mili·

88 2815 179 2876 tures
196 2821 230 2878 et
245 2817 394 2880 strenuos
407 2817 503 2880 aetus
520 2809 665 2878 exercuit
682 2811 778 2878 laude
794 2811 911 2897 dignos
927 2813 959 2878 in
976 2812 1126 2897 generali
1136 2834 1208 2884 aon-

88 2919 190 3002 fliete,
207 2937 305 3004 quem
322 2918 407 2986 idem
433 2924 529 3005 pater
556 2925 666 2986 uerter
681 2917 797 2986 babuit
812 2938 884 2986 eum
903 2917 1033 3005 prefate
1057 2915 1210 3011 vOdolpbo

90 3030 182 3112 Rege
197 3030 427 3116 Romanorum,
444 3028 499 3096 ubi
517 3027 604 3095 idem
620 3028 691 3094 Rex
717 3025 888 3114 Odolpbus
906 3028 1078 3098 crudeliter
1104 3030 1212 3098 extitit

93 3139 311 3221 iuteremptus
327 3135 443 3204 eudem
460 3135 635 3207 karissimo
661 3141 756 3222 patre
771 3141 883 3206 nostro
898 3137 1061 3223 triumpho
1079 3138 1212 3205 obtento

94 3245 253 3332 gloriose,
270 3265 329 3315 sen
355 3245 475 3314 milites
490 3245 615 3312 eiuetos
631 3244 754 3332 gladijs
774 3251 808 3310 et
823 3245 987 3328 quendam
1002 3245 1137 3314 fratrem
1151 3247 1212 3312 Pa·

91 3354 187 3422 latini
205 3353 309 3441 ipsius
325 3353 426 3438 Regis
451 3353 595 3438 Odolphi
611 3351 821 3441 eaptiuaudu‚
838 3361 933 3438 prout
948 3351 1032 3420 idem
1054 3354 1212 3439 Magister

90 3463 279 3534 Demetrius
294 3463 388 3532 nebia
404 3462 533 3546 retulit,
558 3481 599 3529 ae
617 3463 752 3530 uulnera
772 3463 924 3530 mortalia
949 3463 1151 3532 sustinendo.
1169 3463 1211 3530 Et

91 3573 169 3639 lieet
185 3571 272 3640 idem
295 3571 466 3642 lebannes
481 3590 541 3656 pro
557 3577 607 3640 tet
631 3578 665 3638 et
680 3571 780 3639 tantia
807 3571 1022 3640 fidelitatibus
1048 3593 1089 3641 ae
1110 3572 1210 3640 serui-

90 3683 150 3768 eijs
168 3681 239 3750 suis
255 3680 383 3749 maiora
398 3686 585 3765 mereretur,
606 3679 639 3747 iu
657 3680 832 3763 aliqualem
849 3689 959 3748 tamen
983 3700 1211 3767 reeompensa-

92 3789 218 3858 eiunem
244 3789 454 3858 seruieiarum
480 3808 611 3857 auorum
637 3788 756 3858 dietam
773 3795 896 3858 terram
922 3790 1113 3876 llgeuuaraa
1138 3811 1210 3860 eum

92 3899 246 3966 amnibus
262 3896 461 3968 utilitatibus
477 3905 511 3964 et
535 3896 745 3984 pertiueneijs
761 3897 830 3965 suia
846 3899 906 3966 aab
925 3897 1048 3967 eisdem
1065 3900 1158 3968 metis
1178 3907 1211 3966 et

94 4006 253 4092 terminis,
272 4006 390 4091 quibus
406 4006 449 4074 ab
469 4003 602 4088 antiquo
619 4007 694 4092 ipsa
709 4012 797 4072 terra
812 4005 955 4073 limitata
971 4005 1078 4074 extitit
1093 4015 1125 4074 et
1140 4026 1212 4092 pos-

94 4135 199 4198 sessa,
216 4113 300 4202 ipsis
316 4113 469 4199 lobanni,
496 4113 647 4182 Rolaudo
673 4119 707 4181 et
722 4113 823 4180 Paulo
839 4132 880 4179 ae
897 4131 1008 4180 eorum
1026 4111 1213 4196 heredibus,

94 4224 313 4309 heredumque
324 4243 451 4292 suerum
463 4223 717 4308 suecessoribus,
729 4225 772 4290 de
792 4222 1213 4307 benepleeimeteonsensu

92 4335 225 4402 domiue
241 4333 367 4422 Regina
383 4333 544 4401 consortis
560 4340 670 4400 nostre
687 4332 879 4416 karissime,
898 4331 1056 4416 dedimus,
1077 4333 1211 4404 donaui-

93 4462 164 4510 mus
182 4449 216 4510 et
242 4441 438 4510 contulimus
463 4448 622 4528 perpetuo
639 4447 672 4508 et
690 4440 946 4508 irreueeabiliter
971 4439 1213 4528 possidendam.

97 4551 133 4616 lu
157 4551 249 4622 euius
277 4551 326 4618 rei
345 4553 532 4620 memoriam
558 4557 591 4620 et
615 4555 807 4638 perpetuam
832 4549 1016 4620 firmitatem
1042 4559 1213 4638 presentes

96 4659 317 4730 eeneessimus
330 4661 458 4730 litteras
468 4659 607 4746 duplicis
622 4658 742 4746 sigillis
760 4654 846 4747 (lgy)
863 4659 964 4728 uestri
979 4661 1214 4730 muuimiuere·
