3082 5166
593 309 751 420 Ait.--

113 507 204 580 iccio
218 507 410 599 postularit,
426 527 499 578 cum
515 507 557 577 de
573 507 644 576 iure
659 505 765 596 laicis,
781 507 928 591 quamvis
937 505 1111 594 religiosis,
1129 506 1231 576 dere·

114 619 177 689 bus
192 619 346 688 Ecclesie
361 618 451 687 nnlla
467 617 511 686 sit
535 617 693 688 attributa
713 615 907 703 disponendi
925 614 1088 702 facultas5
1105 635 1167 700 quo
1183 617 1227 685 in-

113 726 249 796 tellecto
274 727 423 798 dominns
439 727 555 794 Petrus
572 726 636 793 Dei
650 726 764 812 gracia
773 725 950 812 Episcopus
966 723 1230 814 Transsilnanus,

116 853 230 907 cnram
253 837 365 922 gregis
390 835 455 914 sibi
480 836 644 904 commissi
669 835 821 928 diligenti
843 843 975 921 portans
1001 835 1231 922 sollicitudine,

115 943 197 1014 lacti
213 946 399 1033 potenciam
416 944 624 1028 formidarit,
652 963 724 1014 cnm
740 941 925 1012 huiusmodi
941 943 1116 1031 petitorum
1132 946 1231 1015 dona

115 1055 182 1140 cio,
199 1053 242 1124 ab
258 1075 297 1122 eo
314 1053 422 1138 iacta,
439 1054 495 1139 qni
510 1051 634 1124 donare
650 1073 715 1120 non
731 1051 836 1139 potnit
845 1101 854 1137 ,
878 1056 998 1122 statum
1014 1054 1161 1122 Ecclesia
1176 1054 1233 1122 mi-

115 1163 206 1232 nime
221 1162 384 1249 potuisset
398 1164 602 1250 perturbare.
629 1163 836 1248 Supplicanit
850 1162 959 1246 itaque
977 1166 1010 1228 et
1027 1183 1086 1251 per
1101 1163 1233 1232 modum

116 1269 278 1358 simplicis
294 1273 495 1357 querimonis
511 1272 661 1364 obtinuit,
677 1275 713 1339 nt
729 1268 814 1337 sicot
828 1269 904 1356 ipsa
919 1271 1070 1358 donacio,
1087 1274 1116 1339 si
1133 1272 1232 1341 dona-

118 1380 170 1447 cio
186 1377 252 1450 dici
267 1387 440 1468 mercetur,
457 1382 499 1450 de
510 1381 597 1453 tacto
606 1384 824 1470 processerat,
842 1387 875 1447 et
888 1379 979 1448 nulla
990 1379 1050 1448 suit
1066 1381 1234 1468 ipsorum,

117 1490 167 1557 sic
185 1489 228 1559 de
244 1489 332 1560 iacto
348 1498 576 1573 reuocaretur,
603 1500 637 1557 et
651 1490 743 1560 nulls
758 1489 860 1558 fuisse
877 1490 1154 1575 pronunciaretur.
1172 1487 1236 1556 Do-

115 1599 224 1666 minus
239 1607 348 1668 antem
363 1601 545 1686 Agriensis‚
561 1599 628 1686 hijs
644 1596 762 1666 tinibus
778 1619 843 1665 non
861 1604 1047 1683 contentus,
1065 1597 1109 1666 de
1125 1599 1237 1665 Eccle-

118 1707 168 1774 sie
185 1709 355 1777 consoroio
374 1709 486 1794 inique
502 1706 668 1791 iudicans,
696 1707 850 1776 auxilinm
877 1705 1036 1775 secularis
1059 1709 1233 1806 potestatis

118 1814 184 1882 sibi
198 1817 386 1901 postolavit,
404 1813 481 1901 quia
497 1835 539 1882 ex
548 1815 737 1902 hujusmodi
746 1813 928 1883 donacione
939 1813 1076 1882 credens
1085 1815 1136 1882 ius
1145 1815 1235 1899 aqui-

122 1924 253 2012 siuisse,
269 1925 435 1996 dominum
450 1923 719 1992 Transsiluonnm
735 1922 781 1990 ad
803 1922 964 1990 sorensem
977 1919 1140 2007 jndicem,
1158 1923 1236 2007 quia

118 2033 163 2099 ad
179 2033 284 2101 lorum
299 2035 450 2122 Regium,
468 2027 512 2102 ad
529 2039 666 2102 octenas
684 2031 941 2118 Epiphaniarum
958 2029 1099 2121 Domini,
1124 2039 1236 2098 contra
1359 2033 1371 2116 '-

119 2159 279 2209 canonum
295 2149 455 2230 precepta
470 2142 565 2211 citari
581 2142 777 2232 procpranit,
800 2141 829 2206 si
847 2139 965 2210 citacio
981 2139 1047 2206 dici
1062 2139 1187 2224 possit3
1205 2147 1237 2206 et

118 2250 360 2335 perceptionem
376 2251 572 2320 decimarum
588 2253 620 2315 in
636 2249 873 2333 Metamorisim
891 2266 955 2331 quo
971 2255 1019 2314 est
1029 2245 1115 2318 intra
1131 2255 1236 2318 metas

119 2363 153 2421 et
177 2360 334 2426 terminos
360 2359 522 2447 Dyocesis
548 2359 791 2442 Transsiluane,
809 2377 867 2442 per
896 2355 1027 2424 litteras
1053 2357 1174 2442 Regias
1202 2358 1236 2426 in

122 2463 336 2547 preindicinm
347 2467 499 2535 Ecclesie
515 2465 733 2535 Transilnane
744 2463 825 2532 fecit
841 2465 883 2532 de
899 2464 999 2552 facto,
1015 2466 1153 2549 quodde
1168 2463 1238 2534 iure

121 2591 186 2637 non
203 2573 309 2658 potuit
323 2575 507 2663 prohibere,
525 2573 587 2645 sub
598 2593 637 2640 eo
654 2579 778 2659 tenore,
789 2572 876 2656 qnod
887 2571 1000 2640 cedem
1011 2572 1137 2641 decime
1152 2580 1237 2643 terre

120 2690 320 2768 memorate,
346 2690 381 2751 et
396 2684 463 2755 alia
477 2682 550 2752 iura
568 2683 683 2750 exilia
699 2681 936 2770 proueniencia
951 2702 1015 2750 non
1041 2682 1135 2750 alteri
1156 2683 1237 2771 Epi-

121 2807 226 2874 scopo
244 2789 568 2876 administrarentur,
591 2810 689 2875 quam
707 2789 750 2875 cip
767 2791 821 2872 qni
836 2789 964 2857 litteras
980 2788 1102 2874 Regias
1118 2789 1160 2858 de
1176 2791 1238 2858 hoo

124 2898 244 2965 incolis
259 2905 345 2964 terre
362 2899 507 2968 eiusdcm
533 2904 646 2984 posset
662 2904 839 2984 reportare.
866 2898 909 2964 Et
924 2897 1000 2962 licst
1015 2887 1165 2965 iudicium
1180 2897 1238 2966 lai-

121 3005 203 3073 calis
219 3006 393 3092 potestatis
408 3011 494 3073 retro
512 3005 667 3090 habitum,
685 3007 720 3072 in
735 3006 857 3076 talibus
873 3006 945 3091 ipso
961 3003 1031 3072 iure
1048 3005 1091 3071 sit
1106 3004 1239 3090 nullum,

122 3111 198 3197 quia
217 3119 329 3182 tamen
353 3114 440 3183 idem
467 3114 618 3182 dominns
642 3113 833 3201 Agriensis,
860 3111 1052 3198 postpositis
1078 3133 1239 3183 canonum

122 3221 312 3302 mandatis,
338 3221 560 3310 multipliciter
584 3222 732 3306 laborat,
758 3224 840 3290 sicot
862 3221 1044 3304 laborauit,
1060 3221 1239 3294 Ecclesiam

122 3327 577 3412 'l'ranssilnanaminfestara
595 3330 957 3401 etPrelaiumeiusdem
975 3329 1142 3400 laboribus
1161 3335 1237 3400 mul·

125 3438 179 3524 tis,
198 3447 232 3506 et
249 3443 402 3526 expensis
419 3439 561 3526 afficere,
577 3459 637 3526 pro
654 3459 704 3524 eo,
721 3459 783 3525 ego
799 3441 968 3526 Nyoolaus
981 3436 1240 3510 Archidiaconns

124 3545 166 3612 de
181 3546 316 3629 Zonnk,
342 3555 535 3636 procurator
559 3547 681 3615 domini
707 3547 862 3634 Episcopi
877 3546 1106 3616 Transsilnani
1130 3547 1164 3613 in
1180 3547 1242 3616 hac

127 3666 240 3741 parto,
257 3675 316 3742 per
338 3657 526 3728 huiusmodi
551 3657 641 3727 iacta
666 3655 851 3726 inordinate
876 3661 1089 3740 attemptata,
1115 3655 1243 3722 scilicet

125 3765 279 3847 potencia
295 3765 543 3850 interueniente,
560 3767 671 3834 sciens
688 3763 1087 3834 Ecclesielranssiluans
1102 3761 1240 3850 preindi·

125 3877 243 3956 oatnm,
260 3879 294 3940 et
309 3875 418 3944 sciens
435 3875 470 3940 in
486 3879 655 3960 posterum
671 3893 771 3963 posse
788 3871 1008 3959 proluerent,
1030 3875 1059 3942 si
1075 3893 1140 3941 non
1155 3871 1242 3942 sulu-

124 3980 177 4047 bri
192 3979 336 4050 remedio
352 3989 385 4050 et
400 3984 432 4048 in
449 3985 608 4070 refugium
626 4001 854 4073 oppressorum
871 3981 1043 4065 ordinato,
1065 3982 1141 4051 hnic
1157 3983 1242 4050 cita·

127 4087 215 4157 cioni
231 4089 276 4160 ad
292 4110 357 4158 non
374 4109 467 4160 suum
487 4091 633 4178 judicem
650 4092 736 4163 facte
746 4141 754 4176 ‚
782 4091 894 4161 debito
920 4097 1109 4161 occurratur
1131 4091 1165 4158 in
1180 4077 1251 4157 terss

125 4199 223 4286 mino,
239 4199 373 4270 nomine
389 4199 536 4270 eiusdem
553 4201 675 4270 domini
693 4200 852 4297 Episcopi
868 4196 1097 4270 'l'ranssilnani
1122 4197 1245 4268 domini

124 4308 206 4391 mei,
224 4327 266 4378 ac
282 4310 505 4394 procuratorio
529 4310 661 4380 nomine
676 4308 719 4380 ab
735 4307 922 4378 huiusmodi
941 4308 1089 4396 injuriis,
1115 4317 1245 4394 aparte
1358 4376 1360 4380 .

126 4415 282 4503 Episcopi
297 4416 466 4500 Agriensis
481 4417 592 4504 illatis,
609 4418 661 4486 rel
678 4421 811 4502 aparte
828 4415 918 4500 eins,
945 4435 1040 4499 quern
1061 4417 1125 4484 sibi
1141 4416 1175 4484 in
1194 4417 1244 4484 in-

124 4524 232 4595 dicem
249 4527 386 4596 asscivit
402 4526 604 4614 inferendis,
628 4527 744 4596 Sedem
761 4527 983 4613 Apostolioam
1001 4528 1155 4616 appello,
1170 4548 1241 4613 pro·

130 4636 278 4706 naturum
295 4655 348 4704 me
365 4635 487 4722 obligo,
503 4635 613 4706 omnia
630 4634 794 4723 premissa
810 4654 885 4705 esse
904 4657 1001 4721 vora;
1017 4638 1245 4721 prosequende

1017 4747 1083 4816 17*
