3072 5168
361 1099 392 1163 A
407 1101 574 1184 oaszpre'mt'
596 1099 752 1186 keptdan
777 1102 1051 1191 bizooysdplenele,
1078 1104 1157 1193 kopp
1172 1106 1257 1172 Pons
1281 1107 1476 1171 wamma

353 1206 405 1292 fin
429 1207 601 1274 Vomosbao
623 1208 732 1276 torem
754 1212 863 1296 elcenyi
879 1209 985 1296 fo'ldet
999 1211 1080 1298 pros
1089 1210 1335 1300 Andronitoct,
1358 1215 1475 1282 Panda

726 1319 842 1404 ficiculo
857 1318 982 1386 dadoct
1004 1322 1101 1388 1295.

476 1511 545 1580 Nos
572 1513 758 1602 Capitulum
784 1515 1050 1602 wesprimiensis
1075 1519 1224 1588 Ecclesia
1249 1520 1473 1603 significamus

359 1631 477 1692 tenore
492 1627 708 1710 presencium,
724 1625 838 1711 quibus
848 1625 984 1713 expedit
995 1628 1167 1712 universis,
1183 1629 1269 1712 qnod
1285 1631 1373 1698 Pons
1387 1631 1469 1697 filins

359 1733 534 1818 Laurencij
552 1733 594 1800 de
610 1733 745 1801 Wamus
760 1755 820 1822 pro
838 1755 876 1802 se
891 1743 925 1802 et
940 1757 998 1822 pro
1015 1736 1160 1824 Bolosey
1176 1760 1216 1806 ac
1231 1738 1384 1822 Nicolao,
1399 1759 1471 1804 nec·

360 1863 424 1911 non
440 1843 536 1910 Petro
554 1842 631 1928 fitijs
647 1843 727 1928 suis,
745 1842 863 1928 Vgrino
881 1845 981 1912 fratre
997 1864 1055 1912 sno
1072 1835 1179 1915 eidem
1196 1855 1342 1926 astante,
1362 1866 1469 1914 coram

362 1949 456 2020 nobis
473 1952 693 2037 personaliter
720 1953 906 2040 constituti,
934 1956 997 2024 tria
1008 1953 1128 2040 jugera
1153 1963 1240 2024 terre
1264 1977 1323 2026 sne
1339 1956 1470 2024 arabilis

362 2067 396 2127 et
410 2059 580 2128 dimidium
596 2061 628 2126 in
645 2060 864 2128 Wamnsazou
889 2062 1091 2150 existenoia,
1118 2083 1140 2130 a
1164 2063 1301 2132 meridie
1321 2064 1470 2132 videlicet

362 2187 467 2251 neque
482 2167 569 2236 viam
583 2169 759 2257 publicam,
777 2171 818 2236 ab
836 2171 988 2256 aquilone
1004 2191 1080 2240 vero
1097 2191 1201 2258 usqne
1226 2179 1348 2241 terram
1369 2171 1467 2240 Comi·

363 2277 405 2344 tis
422 2276 599 2345 Andronici
616 2276 674 2365 filij
693 2277 825 2344 Pandur
842 2278 883 2345 de
901 2280 1016 2347 eadem
1033 2281 1154 2350 Vamus
1165 2287 1329 2365 porrecta,
1350 2303 1391 2347 ex
1406 2281 1467 2366 qni·

360 2388 422 2454 bns
438 2386 502 2453 tria
521 2387 647 2472 jacent,
664 2395 699 2454 ut
725 2387 871 2472 dicebat,
900 2391 992 2458 iuxta
1011 2393 1140 2459 alueum
1166 2390 1229 2458 riui
1253 2394 1416 2458 currentis
1438 2390 1466 2455 in

363 2499 436 2582 ipsa
452 2495 539 2562 valle
555 2495 598 2562 ab
615 2495 748 2580 oriente,
765 2496 934 2566 dimidium
950 2508 1060 2566 autem
1077 2499 1169 2566 iuxta
1189 2497 1326 2566 eundem
1344 2501 1466 2568 alrern

364 2606 407 2670 ab
425 2602 593 2671 occidente
604 2611 689 2672 terre
705 2605 807 2692 ipsios
819 2606 933 2694 Ugrini
949 2609 1135 2676 continuam
1152 2612 1185 2672 et
1195 2605 1393 2693 adjunctum,
1403 2609 1465 2693 ipso

366 2711 489 2798 Ugrino
506 2733 569 2782 non
587 2713 849 2798 contradicente,
874 2735 948 2804 ymo
964 2717 1196 2787 consenciente
1222 2723 1254 2782 et
1279 2718 1466 2799 remittente,

363 2823 434 2890 sine
450 2822 629 2909 preindicio
646 2823 727 2892 iuris
745 2823 890 2893 Eooleeie
906 2833 1017 2894 nostre
1032 2835 1065 2895 et
1079 2827 1200 2910 alieni,
1220 2847 1257 2895 se
1274 2829 1387 2896 retulit
1401 2845 1467 2894 ren·

364 2932 488 3000 didisse
504 2932 591 3000 dicto
609 2931 725 3001 (iorniti
742 2932 937 3016 Andronico,
955 2934 1010 3021 qni
1025 2937 1150 3020 aderat,
1166 2955 1225 3019 pro
1242 2937 1385 3022 quinque
1400 2953 1465 3020 pen·

364 3040 411 3107 sis
427 3041 633 3108 denariorum
645 3040 877 3109 Viennensium
895 3043 993 3126 piene
1010 3043 1150 3129 receptis
1166 3044 1207 3109 ab
1224 3044 1348 3126 eodem,
1366 3061 1465 3130 perse

365 3155 399 3216 et
413 3167 490 3216 suos
508 3148 648 3216 heredes
667 3148 701 3213 in
717 3155 909 3234 perpetuum
932 3149 1071 3234 pacifice
1087 3158 1121 3218 et
1137 3153 1244 3234 quiete
1260 3171 1301 3220 ae
1317 3151 1461 3219 irrevoca

364 3257 474 3324 biliter
489 3257 711 3342 possidenda3
738 3257 800 3325 hoo
826 3257 977 3344 adjecto,
995 3257 1079 3340 qnod
1098 3259 1127 3324 si
1150 3277 1307 3343 processu
1324 3255 1466 3344 temporis

364 3367 443 3436 dicti
458 3366 518 3453 filij
536 3368 639 3451 Pons,
656 3382 790 3452 quornm
804 3385 998 3435 consensum
1013 3369 1046 3436 in
1057 3369 1119 3435 hac
1129 3377 1224 3455 parte
1244 3375 1277 3435 et
1291 3366 1465 3456 permissio

364 3497 437 3544 nem
455 3495 551 3562 snper
566 3477 640 3564 ipsa
655 3476 847 3543 venditione
857 3475 979 3543 iactam
995 3475 1082 3544 idem
1091 3479 1179 3544 Pons
1196 3476 1289 3545 nobis
1305 3473 1464 3545 referendo

365 3581 550 3668 affirmauit,
568 3582 789 3652 vendicionem
801 3589 988 3652 annotatam
1004 3589 1185 3652 retractare
1204 3579 1461 3672 volentemssgy),

364 3699 431 3758 tres
441 3710 568 3760 marcas
584 3695 711 3760 solvere
722 3693 1001 3763 tenebunturante
1011 3693 1078 3760 litis
1089 3693 1273 3776 ingressum
1284 3691 1464 3763 conicim-

365 3800 499 3870 dronico
515 3799 702 3888 supradicto
718 3820 776 3887 per
793 3801 1031 3887 obligeoionem
1041 3801 1226 3890 factampsr
1243 3801 1331 3868 Pons
1348 3798 1462 3886 sepedi-

366 3917 462 3990 ctum,
478 3928 569 4006 suam
586 3929 688 3996 penes
700 3917 732 3977 et
748 3908 885 3976 filiorum
902 3929 1032 4002 sporum
1049 3907 1249 3995 prefatorum
1265 3911 1462 3987 voluntatem,

365 4018 449 4087 sicut
463 4017 593 4105 plenius
604 4019 808 4103 exprimebat
825 4019 867 4085 de
889 4018 1016 4085 eadem.
1033 4020 1153 4086 Datum
1164 4018 1196 4082 in
1214 4017 1388 4100 quindenis
1397 4018 1463 4083 San·

364 4127 410 4194 cti
420 4127 518 4212 Regis
536 4134 568 4194 et
578 4127 736 4215 Apostoli,
753 4147 839 4194 anno
851 4129 981 4196 Domini
998 4131 1041 4193 M.
1053 4125 1114 4196 OG.
1126 4128 1342 4214 nonagesimo
1353 4127 1461 4212 quinto.

369 4341 408 4415 (Δ
425 4340 593 4416 pecsdthidn
600 4344 643 4416 jol
653 4347 821 4415 megtartott
832 4343 999 4410 credetibd'l,
1010 4341 1268 4415 meldesonyban
1279 4343 1313 4399 Τ.
1323 4342 1402 4416 Papp
1410 4341 1461 4395 Fer.
1487 4322 1489 4325 ³

414 4431 447 4492 dr
460 4433 617 4504 tulajdona·
631 4431 774 4490 Kerelttk
787 4433 880 4492 velem
899 4437 972 4504 Nape
985 4435 1058 4501 Ioco,
1073 4432 1103 4490 ds
1121 4435 1228 4505 Veptcly
1241 4436 1322 4488 Dari
1339 4431 1424 4504 urai).
1498 4466 1506 4492 ι

789 4685 1060 4702 m
