3144 5180
822 293 975 393 Q

340 491 382 557 cti
399 491 582 560 calcatoria
599 491 640 560 de
667 491 808 560 Posonio
826 491 933 572 facta,
961 487 1050 557 aliud
1073 511 1134 578 par
1150 508 1249 578 snper
1277 490 1467 558 collacione

339 599 505 668 cuiusdam
522 607 608 668 terre
634 601 783 668 similiter
798 601 939 666 Zelench
965 605 1171 687 nuncupate,
1198 605 1348 686 petentes
1364 619 1385 666 a
1402 618 1468 664 no·

340 713 408 776 stra
423 705 597 774 Maiestate
614 727 687 775 cnm
702 708 871 794 instancia,
889 714 924 776 vt
934 705 1150 776 donacionem
1161 709 1203 774 de
1220 706 1377 794 predictis
1394 712 1470 771 ter·
1545 727 1546 798 t

339 815 393 902 ris,
410 815 475 902 ipsi
491 815 639 884 Ecclesia
657 815 770 884 Sancti
795 815 979 884 Saluatoris
995 815 1119 884 factam
1129 869 1139 904 ,
1164 823 1271 884 ratam
1286 813 1411 880 habere
1431 822 1470 882 et

339 923 455 992 eadem
471 923 645 1010 priuilegia
674 930 784 992 nostro
811 925 1022 1008 dignaremur
1051 925 1227 1012 priuilegio
1253 922 1467 990 confirmare.

338 1032 480 1112 Quorum
498 1033 628 1117 quidem
644 1033 894 1120 priuilegiorcm
911 1034 1006 1102 vuius
1022 1039 1115 1102 tenor
1131 1035 1208 1102 talis
1226 1040 1278 1100 est
1294 1057 1302 1098 ε

445 1141 617 1234 [ladizlaus
633 1141 695 1210 sib.
721 1145 809 1220 (Lcad
824 1149 908 1220 Pejor
924 1149 992 1205 (lod.
1019 1150 1097 1223 Dipl.
1113 1151 1148 1206 V.
1173 1151 1231 1206 kot.
1259 1150 1288 1204 2.
1304 1167 1325 1203 r.
1342 1146 1422 1202 521.
1445 1147 1468 1202 l.

339 1256 387 1312 hol
402 1257 529 1312 azonban
544 1257 663 1312 hibdaan
678 1257 779 1312 tetetik
799 1259 881 1314 1279
900 1255 986 1328 dare.)

445 1358 525 1425 Item
542 1359 678 1426 alterius
694 1359 862 1444 priuilegij
879 1359 985 1426 forma
1000 1359 1076 1426 talis
1094 1366 1145 1426 est
1162 1383 1169 1423 :

445 1467 619 1534 Ladislaus
644 1467 709 1536 stb.
735 1472 824 1546 (Ltsd
847 1475 942 1532 telebb
968 1475 1203 1548 Okmtnytarunk
1228 1473 1278 1531 Ν.
1304 1468 1466 1527 kdtetcben

341 1579 414 1638 214.
431 1578 464 1648 l.)

447 1680 543 1770 (N)os
561 1684 659 1769 igitur
675 1684 871 1769 peticionem
897 1683 1056 1752 dictorum
1080 1683 1246 1769 Propositi
1262 1688 1295 1748 et
1310 1678 1466 1765 Capituli

339 1791 548 1860 Posoniensis
575 1795 826 1862 considerantes
852 1797 922 1863 fore
946 1794 1125 1878 legitimam
1142 1798 1175 1859 ct
1201 1799 1465 1858 consentaneam

338 1899 469 1982 racioni,
487 1907 520 1966 et
535 1919 585 1987 eo,
602 1917 664 1984 quc
676 1920 734 1986 per
751 1903 858 1988 ipsum
876 1899 1043 1967 dominum
1054 1899 1245 1964 Ladislaum
1261 1898 1381 1990 Regem
1398 1915 1465 1980 pa·

339 2007 475 2072 truelem
490 2016 656 2097 nostrum,
681 2009 799 2076 intuitu
815 2009 951 2095 pietatis
967 2009 1095 2093 prefate
1114 2008 1265 2074 Ecclesie
1280 2005 1463 2071 Posonieu·

339 2113 386 2181 sis
403 2114 481 2181 data
497 2123 530 2184 ct
546 2117 666 2186 collata
683 2118 876 2202 extiterunt,
902 2125 976 2185 rata
991 2116 1160 2202 habentes,
1178 2123 1210 2182 et
1225 2113 1461 2180 nichilominus

340 2219 425 2308 (lgy)
441 2225 681 2313 approbantes,
706 2227 859 2310 predicta
875 2223 1052 2312 priuilegia
1076 2225 1118 2292 de
1134 2224 1236 2294 uerbo
1263 2225 1305 2290 ad
1321 2221 1460 2289 uerbum

339 2331 546 2415 presentibus
563 2331 661 2400 inseri
677 2332 851 2416 faciendo,
878 2334 919 2400 de
938 2331 1140 2402 Prclatorum
1161 2342 1193 2401 et
1207 2332 1370 2398 Beronum
1398 2353 1461 2399 no·

340 2444 498 2522 atrorum,
525 2440 582 2522 qui
606 2450 777 2525 presentes
803 2441 959 2530 aderant,
985 2441 1146 2528 consilio,
1173 2439 1321 2507 duximus
1343 2439 1460 2507 confir-

340 2545 461 2612 manda
471 2595 479 2630 ,
497 2547 562 2635 ita,
580 2547 665 2631 quod
681 2569 818 2634 presens
834 2559 946 2620 nostra
963 2551 1160 2618 ratihabicio
1185 2557 1218 2618 et
1234 2546 1457 2635 confirmacio,

339 2654 459 2740 prioris
486 2657 675 2724 donacionis
701 2659 917 2728 irreuocabile
942 2667 975 2728 ot
1000 2667 1194 2746 perpetuum
1220 2657 1263 2726 sit
1279 2657 1456 2724 munimen.

339 2763 495 2833 Volentcs
511 2773 544 2832 et
568 2767 673 2836 edicto
694 2769 815 2856 Regio,
840 2776 999 2857 perpetuo
1025 2767 1199 2854 duraturo,
1226 2766 1455 2852 concedentes,

338 2872 426 2954 quod
444 2881 632 2957 prenotatas
655 2881 760 2942 terras
770 2927 779 2960 ,
806 2895 878 2943 cum
896 2895 1009 2944 earum
1026 2861 1222 2942 vtilitatibns
1246 2881 1279 2940 et
1295 2876 1456 2958 pertinen·

338 2979 400 3065 cijs
417 2981 587 3058 vniuersis,
603 2983 771 3050 memorati
786 2984 977 3069 Propositus
994 2991 1026 3049 ct
1042 2981 1227 3069 Capitulum
1234 2979 1455 3080 ,posoniensis

338 3087 486 3159 Ecclesic
502 3099 660 3175 perpetuo
687 3092 884 3178 possideant
909 3091 1046 3175 pacifice
1062 3099 1094 3158 et
1110 3091 1227 3174 quiete.
1244 3089 1283 3154 In
1301 3091 1392 3157 ouius
1407 3091 1455 3157 rei

337 3198 525 3265 memoriam
550 3205 583 3267 et
605 3209 796 3286 perpetuam
821 3201 1006 3268 firmitatem
1032 3207 1204 3285 presentes
1231 3199 1454 3266 concessimus

338 3304 483 3392 litteras,
509 3307 649 3392 duplicis
675 3308 776 3391 sigilli
801 3306 906 3378 nostri
931 3307 1112 3375 munimine
1129 3305 1307 3373 roboratas.
1333 3307 1453 3374 Datum

337 3433 396 3498 par
412 3435 526 3483 nanus
542 3416 743 3486 honorabilis
760 3425 793 3486 st
808 3414 942 3486 discreti
957 3417 1021 3483 viri
1031 3415 1180 3502 magistri
1196 3413 1365 3483 Theodori
1379 3417 1454 3486 Pre-

337 3521 434 3607 positi
450 3521 607 3592 Albensis
624 3525 699 3594 aule
715 3533 823 3594 nostre
839 3525 1159 3610 Vico-(lancellarij,
1177 3523 1285 3592 dilecti
1301 3534 1336 3593 et
1350 3521 1454 3590 fidelis

336 3629 449 3715 nostri,
464 3651 552 3698 anno
565 3631 696 3699 Domini
711 3631 761 3700 ll⁰
775 3631 845 3700 00⁰
861 3635 1076 3718 nonagesimo
1092 3631 1206 3720 primo,
1222 3632 1329 3719 Regni
1344 3639 1454 3700 autem

337 3739 439 3806 nostri
454 3759 540 3808 anno
556 3740 712 3808 secundo.

335 3931 469 4006 (lidrtya.
483 3933 511 3992 A
523 3933 623 4008 peesdt
635 3935 788 3994 ritrdszdld
801 3935 929 4008 selymen
950 3934 1075 4009 fdggdtt.
1089 3913 1375 4009 Poasonykdptalani
1392 3954 1453 3994 ma·

526 4025 719 4101 gdnlerdltlr,
733 4027 833 4102 Capsa
845 4027 877 4087 Ο.
890 4029 975 4088 Fare.
988 4031 1014 4086 6.
1027 4025 1078 4087 Nr.
1092 4029 1138 4086 65.
1148 4028 1266 4099 mro-2.)

790 4317 1020 4337 lun-”m—-ss-
