3094 5168
605 257 769 368 *ffi-

116 451 193 528 stre,
212 467 301 514 auno
319 449 450 518 Domini
477 447 533 518 M⁰.
552 452 631 522 00⁰.
650 457 864 542 nonagesimo
882 478 977 526 nono.
996 461 1154 548 Magistro
1183 469 1246 535 Do·

113 555 237 625 minico
254 557 438 645 Proposito,
450 561 609 645 magistro
621 561 795 631 Dominioo
813 566 966 652 Oantore,
984 572 1143 656 magistro
1161 575 1243 643 Ohe·
1366 593 1368 596 ·

111 683 204 749 pano
222 663 378 745 Custode,
396 667 543 737 Oliuerio
570 669 739 737 Waoiensi
749 721 758 756 ,
777 672 916 743 Nicolao
944 675 1115 763 Pestionsi,
1135 681 1245 767 Augu-

111 771 204 840 stino
231 773 274 839 de
297 774 499 862 Zyguetfeu‚
522 777 660 846 Nicolao
688 780 971 869 Gheugradiensi‚
990 786 1185 874 Geubuiyno
1202 789 1245 859 de

112 881 234 947 Zonuk
250 882 514 968 Archidiaconis‚
540 887 724 970 caterisque
741 890 990 976 quampiuribus
1016 893 1190 966 Ganouicis
1207 899 1241 965 in

110 988 272 1056 Ecclesia
286 988 388 1057 Beate
401 990 543 1078 Virginis
560 995 630 1062 Deo
641 996 807 1063 humiliter
817 997 1052 1068 famulantibus
1069 1003 1243 1074 etdeuotc.

520 1157 845 1224 ABG.

221 1331 333 1399 Jcppret.
346 1327 421 1402 saep
434 1330 627 1405 burharryurn
639 1330 709 1390 irott
720 1341 857 1392 mctszett
869 1335 954 1405 level,
967 1340 1102 1410 melynelr
1119 1339 1179 1398 alul
1191 1343 1243 1400 iol-

108 1417 222 1488 hajtott
234 1415 341 1489 hcrtya
362 1418 573 1478 hesadekaibol
588 1421 676 1497 carga
695 1425 807 1482 sudrott
820 1428 974 1498 eelyemriil
986 1430 1104 1504 suggest
1125 1432 1240 1505 pensita

109 1509 214 1564 elttint.
229 1507 253 1563 A
266 1505 377 1564 kekko'i
395 1508 576 1568 leveltarban
591 1532 600 1566 .·
613 1513 696 1570 Fuso.
711 1513 735 1568 l.
750 1513 818 1573 Nro.
832 1517 856 1571 9.
870 1504 953 1588 E'rdy.

105 2527 154 2594 Az
170 2533 359 2597 eskittcirsalc
375 2555 396 2595 α
420 2532 707 2602 kilousaulruaztott
723 2545 752 2601 ot
769 2538 938 2604 birtokreez
953 2537 1148 2627 helyaziorirr,
1169 2541 1237 2628 fiil-

102 2639 157 2704 dat
171 2643 259 2707 tenca
274 2643 386 2706 szoka'a
409 2645 524 2707 suerint
542 2643 680 2733 fejtiirru,
706 2648 891 2735 eskttdjeock
906 2671 973 2735 orep
981 2699 991 2730 ,
1008 2650 1088 2736 kopp
1104 2671 1182 2716 aeon
1207 2659 1237 2714 ur

170 2749 344 2814 birtoirreaa
359 2749 500 2835 'o'ru'iraripi
506 2754 608 2837 jupon
623 2753 802 2839 Biterfiait
818 2755 906 2821 illoti.
927 2758 1024 2821 1299.
1029 2761 1103 2842 jun.
1115 2761 1156 2822 21
1161 2805 1167 2821 .

212 2947 338 3013 Damus
355 2967 414 3032 pro
425 2949 592 3034 memoria,
610 2949 696 3033 quod
712 2971 784 3017 cum
801 2952 979 3020 secuudum
990 2953 1234 3020 continenciam

98 3057 247 3141 priorum
265 3057 446 3124 litterarum
469 3063 655 3126 nostrarum
673 3059 731 3145 filij
751 3059 888 3128 Comitis
909 3062 1021 3150 Byter,
1037 3081 1097 3146 pro
1114 3061 1233 3146 quibus

98 3164 223 3234 comes
241 3164 426 3234 Hermanus
450 3165 536 3232 filius
554 3167 662 3253 Heym
679 3165 832 3236 officialis
850 3187 960 3235 eorum
988 3189 1060 3236 cum
1077 3187 1232 3254 procura-

97 3273 199 3358 torijs
215 3271 335 3338 litteris
361 3271 506 3358 Capituli
533 3273 706 3340 Vauiensis
733 3274 914 3358 comparuit
940 3274 973 3339 in
991 3275 1119 3343 oetauis
1135 3277 1234 3344 Beati

95 3381 238 3466 Georgij
255 3381 412 3463 Martiris,
430 3387 543 3450 contra
553 3383 755 3450 Demetrium
768 3382 869 3450 fllium
885 3381 1046 3468 Furcasij,
1057 3384 1153 3451 Mock
1165 3381 1230 3453 fra·

96 3497 186 3557 trem
203 3507 311 3573 suum,
336 3489 476 3574 Petrum,
495 3489 667 3558 Nicolaum
684 3510 722 3558 ac
743 3491 921 3578 Georgium
937 3490 1021 3557 filios
1042 3492 1141 3558 Perse
1151 3541 1161 3576 ‚
1187 3513 1228 3559 ex

95 3597 220 3684 quibus
237 3602 270 3663 et
294 3617 353 3684 pro
370 3599 487 3681 quibus
511 3597 678 3682 predictus
704 3595 890 3666 Demetrius
908 3597 991 3666 filius
1016 3600 1168 3686 Fareasij
1187 3600 1227 3668 si-

94 3704 226 3772 militer
243 3721 316 3771 cum
331 3705 565 3791 procuratorijs
582 3705 700 3773 litteris
717 3704 864 3772 eiusdem
881 3705 1027 3791 Capituli
1055 3707 1228 3776 Vaoieuris

93 3813 218 3897 astitit,
237 3817 338 3880 testes
355 3811 586 3898 produxissent
602 3831 701 3898 super
717 3831 766 3896 eo,
785 3812 871 3895 quod
888 3813 1031 3898 quinque
1046 3820 1160 3901 partes
1171 3831 1229 3883 seu

95 3924 277 4008 porciones
294 3929 379 3987 terre
389 3920 526 4008 Thema,
545 3943 643 4006 quam
659 3921 759 4006 ijdcm
776 3922 835 4008 filij
847 3923 982 3991 Comitis
991 3929 1102 4014 Byteu,
1120 3925 1230 3994 dieunt

92 4049 176 4100 esse
193 4037 314 4098 terram
332 4033 476 4117 ipsorum
492 4032 745 4118 hereditariam
762 4041 796 4101 et
821 4053 839 4100 e
867 4053 1026 4104 conuerso
1046 4034 1147 4122 ijdem
1162 4037 1226 4102 De·

92 4137 244 4220 mettius,
258 4139 365 4216 unck,
380 4141 510 4226 Petrus,
527 4141 684 4210 Nicolaus
700 4162 740 4209 ao
756 4139 920 4225 Georgius
931 4147 1084 4211 asserunt
1094 4161 1179 4227 esse,
1197 4149 1230 4208 et

88 4250 203 4316 fuisse
219 4245 370 4314 similiter
395 4255 516 4314 terram
539 4267 648 4316 eorum
665 4247 918 4332 hereditariam,
947 4255 1062 4320 contra
1086 4249 1228 4316 inuicem

89 4363 201 4426 testes
218 4355 466 4442 produxissent5
484 4363 517 4423 et
532 4358 622 4424 facta
638 4355 862 4443 produccione
873 4358 1015 4442 testium,
1033 4357 1179 4444 partibus
1195 4358 1229 4424 in

86 4465 224 4535 octauis
249 4464 459 4549 presentibus
485 4487 597 4535 coram
623 4466 718 4532 nobis
745 4465 1010 4552 comparantibus
1037 4487 1078 4534 ex
1110 4471 1226 4534 nostra

85 4568 313 4660 permissione
329 4590 389 4657 par
409 4571 579 4639 arbitrium
601 4573 785 4659 proborum
801 4573 945 4642 virorum
960 4575 1098 4641 relatum
1114 4573 1185 4658 fuit,
1195 4570 1228 4641 in
