3072 5168
585 333 737 430 jnr-

88 531 124 593 et
139 526 317 612 adimpleri
334 528 466 613 lucere,
491 528 602 595 omnia
619 535 650 594 et
667 528 800 613 singula
815 528 1040 614 suprascripta
1056 533 1088 596 et
1104 529 1205 610 quod-

89 634 177 701 libet
193 653 317 718 eorum,
335 643 368 704 et
383 655 446 704 ncu
475 635 716 706 contrafacere
732 636 787 702 rel
804 635 914 703 venire
931 645 1044 707 contra
1058 634 1207 722 predicta

92 745 148 810 rel
165 743 300 826 aliquod
314 744 537 830 predictorum
561 763 693 830 perse,
710 744 764 812 vel
781 743 900 822 alium,
925 746 978 810 rel
994 744 1079 811 alios
1096 741 1209 826 aliqua

90 853 403 938 racione-iugenio,
421 853 491 919 sire
506 871 626 934 causa,
653 852 714 916 sub
732 867 819 936 pena
833 850 989 916 librarum
1006 849 1123 935 viginti
1138 851 1209 916 mil-

90 960 171 1025 lium
189 959 395 1028 denariorum
414 961 612 1029 Venetorum
629 977 805 1043 parvorum
816 956 976 1041 solempni
993 959 1209 1041 stipulacione

91 1069 268 1154 promissa.
286 1070 391 1138 Versa
407 1073 479 1136 rice
495 1069 662 1154 predictus
680 1065 829 1134 domiuus
840 1065 1005 1151 Rogerius
1015 1069 1210 1132 Macroceuo

91 1175 212 1244 (lomes
228 1177 330 1244 Judre
355 1179 487 1246 nomine
505 1185 536 1244 et
561 1177 635 1246 vice
651 1175 732 1244 dicti
755 1175 879 1243 domini
894 1172 996 1241 Ducis
1023 1174 1212 1242 Communis

92 1297 125 1350 et
143 1285 309 1352 hominum
327 1287 563 1367 veneciarum,
590 1286 808 1354 habitatorum
824 1292 856 1350 et
880 1282 1114 1368 subjectorum,
1131 1282 1209 1351 lide-

92 1391 172 1456 lium
189 1413 229 1458 ac
246 1394 497 1462 districtualium
515 1413 647 1460 suorum
662 1393 809 1476 nuncius,
834 1393 992 1480 syndicus
1010 1403 1043 1460 et
1059 1411 1210 1481 procura-

96 1507 148 1565 tor
163 1502 319 1587 specialis
335 1503 477 1572 illustris
503 1501 626 1570 domini
640 1503 732 1569 Petri
747 1501 927 1570 Gradcnici
942 1503 1004 1568 Dei
1021 1503 1133 1588 gracia
1150 1501 1209 1567 Vc

93 1609 262 1675 neniarum
278 1616 343 1678 etc.
359 1611 462 1678 Ducis
480 1617 542 1678 ete.
561 1611 605 1678 ud
621 1609 851 1696 suprascripte
861 1619 894 1678 et
910 1609 1121 1696 infrascripto
1137 1628 1209 1696 spe·

96 1715 227 1781 cialiter
252 1719 467 1800 constitutus,
494 1725 530 1784 ut
547 1719 731 1784 continetur
746 1717 779 1783 in
806 1719 1035 1785 commissione
1060 1718 1139 1785 dicti
1158 1718 1212 1784 ‹lc-

93 1823 175 1888 miui
190 1824 291 1892 Ducis
308 1823 396 1893 lacta
413 1844 498 1893 anne
515 1825 763 1892 incarnacionis
778 1825 951 1894 Dominicc
966 1827 1140 1895 millesimo
1156 1825 1211 1891 du-

95 1933 277 1998 centesimo
295 1935 507 2016 nonagesimo
524 1933 623 1998 tercio
639 1932 827 1999 ludiccione
838 1933 921 2020 VH,
935 1934 989 2000 die
1001 1934 1107 2001 XXX.
1124 1951 1212 2000 meu·

95 2040 143 2103 sis
158 2039 370 2118 Decembris,
396 2059 483 2106 ame
500 2040 642 2108 Antonio
658 2040 777 2108 iudice
798 2047 831 2108 ct
847 2043 984 2109 Notaric
1001 2043 1212 2127 infrascripto

94 2147 170 2211 risa
186 2153 219 2212 et
234 2145 319 2212 lecta
328 2193 339 2228 ,
362 2145 478 2233 inivit,
497 2144 576 2211 fecit
592 2156 625 2212 et
641 2145 783 2214 firmarit
798 2167 914 2234 puram
931 2155 963 2213 et
981 2149 1107 2215 firmam
1124 2156 1212 2213 treu-

95 2273 172 2338 gam
186 2269 291 2334 usque
308 2252 351 2318 ad
367 2253 483 2319 decem
499 2271 606 2320 curros
622 2255 789 2336 proximos
806 2275 890 2323 nunc
901 2261 1055 2322 venturos
1071 2275 1144 2322 cum
1161 2275 1212 2322 sc·

95 2359 281 2445 prescripto
298 2358 428 2427 domino
457 2358 603 2444 Georgic
620 2361 801 2447 recipiente
826 2371 859 2428 et
876 2363 1054 2447 stipulante
1069 2371 1135 2430 tam
1153 2381 1212 2428 suc

97 2479 131 2535 et
145 2487 277 2534 suorum
294 2469 443 2554 nomine,
461 2487 558 2552 quam
575 2469 706 2534 nomine
727 2470 893 2536 homiuum
910 2477 943 2535 et
959 2471 1142 2539 Communis
1159 2471 1214 2536 Al-

96 2575 195 2658 misii,
211 2576 426 2662 promittens,
449 2576 537 2660 quod
553 2575 721 2660 predictus
737 2576 888 2646 dominus
908 2577 983 2643 Dux
998 2598 1056 2664 per
1072 2599 1110 2647 se
1119 2632 1129 2666 ,
1155 2597 1214 2648 seu

97 2707 159 2770 per
174 2685 350 2752 Commune
366 2691 399 2750 et
415 2683 565 2752 homiues
581 2685 823 2772 Veneciarum,
849 2685 1076 2771 habitatores,
1098 2687 1213 2756 fideles

96 2804 132 2862 ct
147 2795 389 2873 districtuules,
414 2813 475 2862 seu
499 2792 647 2861 subditos
671 2813 749 2863 suos
765 2815 829 2861 uun
847 2793 1001 2881 offendet,
1019 2815 1078 2863 seu
1094 2797 1214 2864 offendi

96 2903 212 2988 luciet,
230 2920 289 2968 nee
303 2899 425 2969 offendi
448 2901 617 2987 permittet
632 2903 666 2968 iu
682 2903 832 2986 personis
849 2903 902 2969 rel
918 2903 1015 2970 rebus
1034 2904 1214 2992 predictum

96 3009 260 3076 domiuum
286 3008 444 3078 Comitem
470 3009 656 3096 Georgium,
673 3027 735 3077 nec
751 3008 928 3075 Gcmmune
944 3015 978 3076 et
993 3010 1140 3078 homiues
1156 3031 1213 3078 eos

97 3121 284 3200 ubicunque
301 3118 503 3201 existentes,
520 3119 582 3184 sed
596 3136 653 3185 ecs
670 3135 782 3184 omnes
800 3122 832 3182 et
849 3117 993 3200 singulos
1013 3119 1046 3183 in
1062 3121 1212 3202 personis

97 3235 132 3292 et
147 3227 246 3292 rebus
262 3232 330 3294 tam
346 3227 381 3292 iu
398 3228 501 3311 mari,
527 3245 627 3310 quam
642 3226 675 3292 in
701 3236 789 3292 terra
805 3225 937 3292 Almisii
954 3225 1086 3294 habebit
1102 3230 1215 3296 salros

96 3341 134 3400 et
147 3353 292 3402 securus.
318 3334 358 3400 Et
381 3333 417 3400 in
434 3335 548 3402 horum
564 3333 662 3401 fidem
680 3341 713 3399 et
728 3331 932 3399 evidenciam
949 3336 1126 3417 pleniorem
1143 3355 1216 3420 pre·

97 3443 207 3512 dictus
223 3441 373 3512 dominus
384 3441 501 3509 (lomes
519 3443 680 3527 Georgius
697 3459 834 3525 presens
845 3441 1010 3524 publicum
1025 3443 1215 3510 instrumen-

97 3559 166 3618 tum
183 3570 245 3618 sua
260 3550 350 3618 bulla
365 3567 424 3616 seu
449 3549 560 3635 sigillo
576 3549 742 3634 pendente
757 3568 853 3616 cereo
878 3551 1065 3616 communiri
1081 3553 1216 3619 maudu-

96 3659 156 3728 rit.
174 3658 217 3726 lit
239 3659 373 3746 insuper
397 3659 521 3726 domiui
546 3657 685 3744 Egidius
705 3656 831 3740 Judex,
849 3663 881 3724 et
897 3659 1061 3724 Leucarus
1086 3658 1216 3728 Andree

97 3767 191 3834 eires
206 3767 430 3852 Spalatcnses,
447 3767 575 3854 syndici
592 3773 624 3830 et
640 3773 871 3850 procuratores
883 3766 1003 3833 nobilis
1019 3767 1080 3833 viri
1094 3769 1218 3836 domini

95 3873 260 3960 Stephani
276 3874 317 3942 de
332 3873 470 3942 Tadiuis
486 3876 528 3941 (le
545 3878 689 3957 Ancona,
711 3874 900 3957 Potestatis,
916 3875 1052 3942 Consilii
1067 3885 1102 3942 et
1119 3873 1216 3942 Gom-

97 3985 208 4050 muuis
240 3989 273 4048 ct
298 3981 463 4051 hominum
488 3982 619 4070 Spalati
644 3981 689 4048 ad
710 3981 920 4068 infrascripta
931 3975 1124 4068 'specialiter
1143 4003 1217 4050 cou-

97 4090 216 4173 stituit,
234 4097 267 4156 ut
281 4097 374 4175 patet
388 4111 449 4177 per
474 4093 722 4160 instrumentum
737 4089 901 4176 publicum
918 4091 997 4158 dicti
1014 4091 1217 4179 syndicatus,

97 4201 255 4285 scriptum
281 4219 341 4283 per
366 4219 497 4268 manum
512 4199 635 4268 Thome
653 4199 770 4269 Vitatis
797 4200 840 4265 de
863 4201 997 4267 Petusio
1023 4203 1219 4270 auctoritate

99 4309 267 4395 Imperiali
282 4308 409 4376 Notarii
426 4316 458 4374 et
474 4309 626 4378 Civitatis
637 4308 768 4395 Spalati
782 4307 890 4375 Jurati
901 4307 1037 4388 Notarii,
1048 4317 1082 4377 et
1096 4311 1218 4378 lactum

98 4417 162 4488 sub
176 4435 266 4486 anno
283 4415 411 4484 Domini
427 4417 599 4486 millesimo
617 4417 841 4485 ducentesimo
858 4419 1071 4502 nonagesimo
1088 4425 1217 4501 quartu,

99 4525 293 4594 Indiccicne
308 4524 378 4591 VII.
395 4523 449 4592 (lie
465 4525 555 4594 XXI.
573 4525 698 4594 mensis
708 4526 832 4606 Marcii,
847 4545 930 4592 ame
944 4528 1088 4595 Antonio
1103 4526 1218 4595 Judice

100 4645 134 4704 et
149 4633 291 4704 Notaric
311 4632 522 4719 infrascripto
537 4636 609 4706 riso
624 4643 657 4702 et
673 4635 768 4718 lecto,
785 4635 915 4701 nomine
931 4643 964 4702 et
981 4635 1055 4702 vice
1072 4637 1218 4718 ipsorum
