3094 5168
363 1091 421 1158 ΙΙΙ.
441 1091 548 1157 Εηᾶνε
562 1091 671 1179 kirrily
682 1091 818 1179 Szdplok
834 1091 1015 1181 helyee'fflrclo
1026 1085 1332 1182 Pordonyocirooouli
1346 1101 1473 1184 cyyrsr'r'-

746 1199 819 1264 le'edi
834 1201 964 1266 reodoli.
990 1205 1086 1268 1297.

463 1401 531 1466 Nos
558 1397 711 1468 Andreas
728 1397 789 1466 Dei
816 1398 930 1484 grecia
947 1399 1016 1466 iicx
1042 1400 1187 1486 Vngarie
1214 1403 1369 1469 memorie
1396 1421 1475 1467 com·

358 1507 549 1574 mundantes
575 1507 798 1592 significemus
826 1507 944 1590 quibus
976 1507 1109 1595 expedit
1135 1515 1250 1576 tenore
1274 1512 1473 1598 presencium

358 1615 530 1698 uniuersis,
549 1617 636 1698 quod
652 1615 729 1698 quia
745 1634 803 1683 noe
814 1635 913 1702 enper
929 1617 1190 1701 amplificacione
1205 1617 1348 1686 ciuitatis
1365 1629 1473 1686 nostre

358 1725 569 1793 Posoniensio
586 1725 677 1790 etde
694 1725 926 1790 melioraciono
943 1725 993 1791 sui
1009 1733 1116 1792 siai-us
1133 1732 1203 1793 toto
1215 1746 1314 1809 pomo
1331 1727 1474 1792 volumus

358 1833 542 1918 inuigilare,
560 1832 644 1899 herro
661 1832 844 1916 hospitibus
860 1833 982 1899 nostrie
999 1835 1032 1900 in
1051 1833 1184 1901 ciuitate
1199 1833 1395 1901 Poeonienei
1412 1835 1473 1898 exi·

358 1939 519 2010 utentibus
537 1941 578 2007 de
590 1940 816 2008 munificencia
832 1942 939 2026 Regia
955 1943 1099 2026 graciam
1112 1941 1264 2008 duximus
1281 1942 1473 2018 faciendam,

359 2060 394 2119 ut
411 2051 523 2136 popuii
541 2049 583 2114 de
599 2049 834 2132 villaZoepiok
845 2050 1034 2132 existentes,
1052 2069 1088 2114 se
1106 2051 1137 2116 in
1151 2051 1316 2115 ciuitatem
1334 2059 1473 2116 nostram

360 2160 595 2227 Posonieuscm
611 2157 793 2222 transferre
811 2157 956 2224 debeant
982 2177 1084 2226 cauea
1101 2158 1345 2240 commorandi,
1372 2159 1429 2224 illa
1443 2171 1472 2221 er

360 2265 478 2334 eedem
494 2265 646 2334 libertate
673 2263 859 2352 gaudeant,
885 2285 949 2348 qua
965 2267 1023 2331 ulii
1041 2266 1131 2334 ciues
1157 2265 1261 2331 nostri
1279 2265 1322 2331 de
1341 2263 1473 2332 Posonio

361 2375 578 2463 gratulamur,
597 2379 629 2436 et
643 2371 754 2438 omnia
771 2371 901 2438 edificia
917 2374 1076 2442 dictorum
1093 2373 1283 2458 populorum
1304 2381 1371 2438 tam
1388 2376 1419 2440 in
1434 2377 1476 2440 la·

360 2485 500 2571 rudibus,
518 2501 615 2567 quem
631 2481 666 2547 in
683 2479 759 2568 eiijs
775 2487 962 2550 constructe
979 2503 1038 2568 pro
1061 2481 1245 2550 municione
1262 2481 1407 2548 ciuitatis
1423 2503 1472 2547 no-

360 2601 428 2660 stre
443 2593 608 2660 antedicto
624 2589 776 2657 duximus
793 2590 995 2676 deputando.
1021 2588 1115 2656 Vnde
1132 2588 1291 2672 volumus,
1309 2590 1394 2672 quod
1410 2591 1472 2655 nul·

361 2701 411 2769 lus
427 2703 515 2770 ciues
539 2707 669 2768 nostroe
686 2698 728 2765 de
744 2700 885 2766 Posonio
903 2701 1073 2768 occasione
1097 2696 1237 2786 predicti
1266 2696 1345 2767 facti
1361 2697 1473 2766 audeat

361 2812 413 2878 voi
431 2815 601 2892 presumat
628 2809 814 2875 molestare.
840 2807 960 2874 Datum
977 2809 1109 2895 Posonij
1127 2809 1159 2872 in
1188 2807 1331 2874 crastino
1347 2809 1473 2872 Annun-

361 2917 522 2986 ciacionie
537 2918 683 3002 Virginis
696 2915 856 2999 Glorioso,
875 2937 960 2984 anno
973 2917 1104 2984 Domini
1120 2916 1169 2982 Μο
1180 2913 1252 2984 00⁰
1270 2913 1475 2998 nonagesimo

361 3027 512 3113 septimo.

605 3220 751 3292 (Eredetie
763 3219 897 3292 Pozeony
911 3218 995 3278 νάιοι
1009 3216 1231 3288 leve'ltdrdben.)
