3144 5180
556 319 716 424 A

71 511 196 580 nubem
213 515 333 584 erroris
349 517 505 601 eliminat,
522 516 694 587 commoda
709 519 826 590 salotis
842 521 1012 608 impendit,
1030 529 1063 590 et
1079 529 1193 591 eterne

71 621 142 687 vite
160 624 285 709 gaudia
300 623 367 693 suis
377 627 593 696 sectatoribus
610 631 819 714 repromittit.
836 632 905 698 Hec
916 629 1038 718 qnippe
1055 631 1135 698 alibi
1150 629 1194 698 ad

72 732 217 799 salutern
232 732 347 801 haberi
364 755 427 802 non
444 741 571 822 potest,
599 755 695 819 quam
715 739 750 806 in
765 740 990 808 commuuione
1014 739 1119 825 ipsius
1134 738 1193 806 Sa·

73 847 250 908 crosancte
266 842 414 912 Romane
431 845 601 929 Ecclesie,
618 865 681 930 qne
696 843 828 914 Divinis
844 855 878 912 et
900 847 1100 931 Apostoliois
1116 867 1193 914 oro·

72 949 159 1015 euiis
176 950 338 1018 universis
354 951 514 1020 Ecclesiis
525 961 577 1022 eet
592 957 730 1038 prelata,
748 961 780 1022 et
791 973 890 1041 super
906 975 1019 1024 omnes
1035 975 1193 1023 summum

73 1065 108 1124 et
127 1059 316 1144 precipuum
332 1059 458 1147 optinet
472 1066 703 1148 principatum.
729 1064 815 1143 Quia
831 1084 908 1132 vero
925 1085 977 1148 ea,
995 1084 1058 1149 que
1077 1067 1193 1133 salutis

73 1175 131 1234 tue
147 1189 187 1234 ac
202 1169 328 1254 populi,
346 1170 398 1238 oui
414 1191 531 1257 prece,
558 1173 795 1240 incrementum
811 1173 1012 1262 respiciunt,
1029 1175 1118 1242 notis
1134 1171 1193 1240 de-

74 1275 210 1341 sideriis
226 1277 439 1364 affectamns,
464 1280 703 1349 fraternitatem
721 1292 811 1350 tuam
836 1283 1018 1369 rogandam
1044 1283 1194 1348 duximus

74 1393 107 1449 et
126 1383 158 1452 in
175 1384 297 1452 christi
314 1387 494 1457 visceribus
520 1389 768 1476 exhortandam,
794 1401 955 1475 quatenns
972 1389 1068 1457 iidem
1084 1391 1195 1458 buius·

74 1493 176 1580 modi,
194 1513 313 1580 quam,
342 1497 428 1566 siout
443 1497 689 1583 promissimus,
715 1497 864 1565 Romana
889 1505 980 1565 tenet
994 1497 1147 1564 Ecclesia
1162 1504 1195 1563 et

74 1604 251 1681 observat,
278 1605 476 1677 inconcusse
502 1607 652 1694 predices
678 1615 712 1674 et
740 1614 875 1692 teneas,
903 1608 1009 1691 ipsam
1037 1605 1194 1693 promptis

74 1711 247 1781 affectibus
263 1717 418 1799 amplecti
436 1716 591 1796 studeas,
609 1725 642 1783 et
657 1714 865 1800 Magnificum
881 1715 1076 1798 Principem,
1092 1713 1194 1782 Geor-

74 1822 162 1906 gium
179 1824 418 1909 imperatorem
434 1827 647 1912 Buigarorum
663 1826 846 1908 Illustrem,
874 1825 926 1889 oni
943 1841 1041 1907 snper
1064 1823 1126 1889 hoc
1142 1842 1194 1890 sa·

72 1931 174 1996 intem
190 1931 341 1999 zelantes
358 1934 464 2017 ipsius
479 1939 607 2001 nostras
624 1933 863 2000 exhortatorias
879 1931 1095 2012 destinamus,
1120 1950 1191 1998 neo·

71 2059 134 2104 non
152 2047 186 2107 et
201 2043 342 2125 populos
358 2049 415 2108 tne
431 2041 587 2127 acipsius
604 2041 720 2107 ditioni
731 2039 892 2126 subditos,
906 2041 949 2106 ad
963 2041 1058 2107 iidem
1078 2049 1191 2107 tenen·

74 2146 149 2213 dam
167 2150 310 2216 eandem
335 2149 513 2219 efficaciter
530 2150 657 2236 dirigar
684 2156 716 2214 et
732 2149 881 2216 inducas.
897 2147 1004 2216 Tenet
1021 2151 1105 2216 enim
1122 2168 1194 2234 pro·

74 2257 227 2324 habiliter
242 2264 358 2324 nostra
373 2257 561 2339 credulitas,
578 2259 667 2342 qnod
683 2257 716 2325 in
733 2258 797 2324 hiis
813 2257 906 2325 iuxta
922 2256 985 2322 Dei
1002 2265 1035 2325 et
1051 2264 1195 2325 nostrum

74 2363 315 2450 beneplacitum
331 2366 572 2450 prosequendis
590 2365 760 2432 exhibebis
771 2373 805 2430 te
823 2365 1049 2448 voluntarium,
1061 2365 1194 2433 facilem

74 2479 171 2556 etque
189 2481 387 2558 promptum,
405 2493 477 2538 oum
494 2478 539 2558 tn,
556 2474 585 2539 si
602 2481 713 2540 tamen
732 2473 862 2556 illesis,
881 2472 935 2555 qui
951 2481 1026 2540 tnnc
1043 2480 1114 2540 erat
1130 2473 1194 2540 Ar-

76 2581 305 2668 chiepisoopus
338 2583 553 2668 Buigerornm
581 2582 658 2649 olim
696 2601 804 2649 eoram
831 2581 995 2663 quondam
1021 2581 1194 2666 Magnifice

74 2693 141 2756 viro
157 2691 322 2759 Michaeie
347 2691 524 2774 Paleoiogo
551 2691 753 2776 Imperatore
780 2692 960 2758 Greoorum
986 2691 1128 2772 Illustri,
1155 2711 1195 2757 eo

74 2807 220 2884 temporo
237 2800 520 2886 Constantinopoli
536 2799 719 2882 residente,
743 2798 912 2884 pro‘iessus
928 2800 1032 2866 ineris
1049 2800 1080 2864 in
1098 2801 1195 2869 Pala·

75 2909 118 2974 tio
135 2909 179 2976 de
195 2907 381 2977 Blaobavia
396 2925 507 2974 eoram
524 2907 628 2991 nobie,
647 2909 731 2974 sicut
746 2925 767 2971 a
783 2913 841 2972 tua
857 2906 1020 2975 excidisse
1035 2911 1192 2974 memoria

75 3035 136 3084 non
153 3017 329 3100 oredimus,
346 3018 479 3084 oraculo
488 3013 562 3083 vive
572 3017 675 3100 vocis,
692 3024 725 3083 te
741 3020 832 3101 Pape
845 3017 991 3085 Romano
1008 3017 1195 3084 immediate

75 3127 223 3212 subesse,
240 3133 385 3210 tuncque
402 3124 445 3192 ad
461 3125 523 3190 boo
533 3173 541 3206 ,
560 3125 605 3192 ad
621 3125 709 3208 quod
724 3131 758 3192 te
774 3145 860 3194 nuno
876 3125 1069 3208 inducimus,
1086 3125 1194 3212 dispo-

76 3235 156 3302 situs
174 3234 354 3301 videbaris.
381 3232 651 3300 Exhortationem
675 3233 775 3320 igitur
792 3234 995 3321 huiusmodi,
1023 3234 1124 3302 irater
1141 3255 1193 3302 ca-

75 3343 214 3426 rissirnc,
239 3341 357 3425 quode
374 3342 525 3408 caritatis
550 3342 664 3408 radice
680 3343 846 3428 procedit,
874 3344 993 3412 devote
1018 3343 1194 3428 suscipias,

76 3459 105 3519 et
119 3451 230 3518 studio
249 3451 376 3518 efficaci
393 3451 579 3536 adimplere
598 3469 775 3538 procures,
802 3459 837 3516 nt
852 3451 886 3518 in
901 3451 1113 3518 retributione
1141 3453 1191 3518 iu-

77 3569 197 3628 storum
214 3565 360 3626 extrema
375 3566 467 3628 tanto
491 3559 695 3627 remunerari
712 3559 805 3625 donis
821 3559 1004 3646 potioribus
1021 3563 1193 3648 mercaris,

76 3677 198 3758 quanto
215 3672 248 3736 in
266 3688 391 3736 orreum
408 3669 513 3756 patris
539 3667 683 3736 familias
700 3671 867 3737 uberiores
891 3669 923 3735 in
940 3677 972 3735 te
989 3689 1029 3735 ac
1045 3669 1120 3736 aliis
1136 3671 1192 3737 bo-

77 3801 186 3848 norum
213 3797 348 3867 operum
373 3779 558 3864 manipulos
584 3777 785 3846 introduces.
814 3780 969 3847 Ceterum
995 3785 1030 3845 ut
1054 3777 1137 3846 fides
1162 3789 1195 3848 et

76 3895 141 3960 eius
158 3893 268 3961 forma
293 3889 493 3957 fraternitati
517 3895 572 3955 tne
589 3889 716 3974 plenius
742 3888 974 3973 innotescant,
1001 3891 1094 3975 ipsas
1118 3890 1195 3956 ieci-

75 4021 143 4067 mus
170 3999 381 4087 presentibus
407 3998 567 4066 annotari.
594 3996 665 4076 Quo
688 3999 774 4064 tales
790 4006 883 4066 sunt:
909 3997 1081 4064 Credimus
1108 3999 1194 4066 banc

76 4109 231 4176 Sanctam
258 4108 473 4184 Trinitatem,
501 4125 564 4171 non
590 4113 656 4173 tres
674 4106 780 4182 Deos,
804 4105 978 4172 sedunum
1003 4107 1108 4172 Deum
1125 4127 1191 4173 om·

76 4219 286 4307 tripotentem,
303 4225 471 4293 eternum,
501 4213 699 4281 invisibilem
725 4221 756 4279 et
780 4214 1098 4298 incommutabilem,
1125 4235 1193 4281 cre-

75 4326 178 4393 dimus
196 4326 355 4395 Sanctam
365 4323 570 4391 Catholicam
587 4329 619 4390 et
634 4323 861 4408 Apostolioam
876 4340 973 4388 unam
990 4341 1064 4391 esse
1082 4343 1192 4392 reram

75 4435 267 4518 Ecclesiam,
285 4435 316 4500 in
333 4453 400 4518 qua
415 4451 511 4497 unum
527 4431 622 4497 datur
648 4431 813 4516 baptisma
829 4441 863 4498 et
886 4452 966 4500 vera
983 4432 1126 4498 omnium
1146 4451 1196 4498 re·

77 4541 188 4612 missio
214 4551 443 4628 peccatorum
469 4539 632 4609 oredimus
658 4541 757 4609 etiam
783 4563 893 4611 veram
920 4543 1197 4610 resurrectionem

77 4652 221 4722 eiusdem
238 4652 357 4736 carnis,
375 4669 473 4734 qoam
487 4668 575 4717 nunc
591 4656 769 4738 gestamus,
781 4657 814 4718 et
829 4651 931 4718 uitam
947 4657 1112 4734 eternam,
1130 4669 1197 4718 ere-
