3072 5168
588 1005 647 1073 ln.

56 1205 125 1274 ΙΙΙ.
141 1203 254 1270 Eudae
279 1200 386 1292 kirtly
400 1227 421 1268 a
446 1203 540 1268 Haeo
550 1204 703 1290 pozsoayi
718 1209 847 1294 prepost
872 1207 907 1272 eis
922 1199 1030 1272 Badra
1045 1202 1189 1270 kanouolc

55 1315 143 1380 attat
158 1313 350 1379 dilatatatott
373 1313 570 1378 okiratolcbo'l
583 1317 779 1400 mepta-tobit,
804 1315 887 1403 liopy
918 1315 1020 1382 Tttrac
1044 1313 1145 1378 birtolc
1169 1335 1190 1375 a

54 1423 211 1510 pozsoayi
235 1421 415 1509 opphdznclc
444 1421 734 1507 cjnadeluoztatott,
769 1435 821 1488 azt
846 1447 862 1488 s
885 1426 1002 1511 joszdp
1026 1419 1189 1497 birtnlca'ba

59 1533 156 1596 Peter
194 1529 268 1594 lazi
298 1531 456 1616 lcatplttajc
480 1531 512 1594 o's
535 1528 614 1614 prof
640 1530 793 1616 Spattioi
825 1532 892 1598 Vsu
921 1530 1004 1597 ottal
1030 1530 1192 1616 boiptotjc.

577 1639 674 1702 1292.

170 1835 240 1903 Nos
257 1834 407 1902 Andreas
432 1833 495 1902 Dei
521 1837 635 1922 gracia
663 1833 815 1924 Vngaric,
832 1839 1021 1918 Dalmatio,
1042 1832 1191 1917 Oroacie,

60 1945 178 2026 Rama,
196 1944 320 2027 Seruis,
338 1942 543 2026 Lodomerie,
560 1946 721 2014 Onmanie
737 1949 959 2033 Bulgarieque
982 1947 1054 2012 Rex
1070 1939 1194 2030 signifi·

60 2073 178 2122 camus
190 2053 336 2119 omnibus
347 2053 465 2138 quibus
482 2053 616 2141 expedit
627 2057 835 2140 presencium
850 2075 912 2144 per
929 2063 1094 2132 terrorem,
1106 2049 1196 2135 quod

61 2181 137 2229 cum
156 2161 241 2226 circa
267 2159 385 2228 festum
412 2161 658 2230 Purificaoionis
675 2167 775 2230 Beato
802 2165 906 2231 llario
932 2159 1084 2246 Virginis
1108 2175 1197 2228 csse·

63 2292 138 2338 mus
155 2269 313 2356 Strigonij
324 2271 356 2336 in
372 2271 545 2354 presencia
556 2273 754 2340 venerabilis
766 2274 870 2358 patris
888 2270 1021 2345 domini
1035 2270 1198 2337 Lodome-

61 2378 105 2463 rij
133 2377 198 2442 Del
222 2376 335 2459 gracia
360 2377 481 2444 Sancte
506 2378 745 2464 strigoniensis
771 2381 923 2450 Ecclesia
939 2375 1198 2462 Arolriopisoopi

63 2485 281 2568 eiusdemque
297 2484 359 2550 loci
376 2485 512 2554 Comitis
529 2488 691 2575 perpetui,
709 2489 869 2574 magister
884 2489 983 2558 Haab
999 2486 1199 2572 Propositus

62 2593 218 2660 Ecclesia
233 2593 348 2662 Sancti
363 2595 545 2662 Saluatoris
561 2595 602 2664 de
621 2597 774 2683 Posonio,
795 2599 845 2666 vir
860 2595 1075 2666 honorabilis
1093 2599 1126 2658 et
1152 2591 1199 2658 di·

63 2709 205 2784 scretus,
222 2708 254 2767 ot
264 2703 421 2784 magister
431 2705 581 2772 Andreas
591 2707 723 2772 nomino
734 2707 877 2791 Capituli
895 2705 1046 2774 eiusdem
1063 2702 1129 2770 looi
1146 2719 1200 2767 ex-

63 2811 346 2877 hibuerunlnobis
362 2812 464 2878 multa
482 2811 678 2881 documenta
693 2821 726 2881 et
741 2812 958 2884 instrumenta
974 2832 1082 2898 super
1097 2807 1196 2876 nnlla-

65 2922 166 2986 oione
182 2919 404 3004 possessionis
416 2919 578 2987 Johannis
596 2922 655 3007 filij
672 2923 761 2990 Petri
777 2921 885 2990 Turno
904 2930 1027 2992 vocate
1042 2921 1075 2987 in
1093 2917 1201 2987 Comi·

66 3035 138 3094 tatu
159 3047 219 3096 seu
245 3027 396 3095 districtu
418 3028 502 3095 inter
527 3030 761 3100 Poscniensom
788 3030 962 3098 (licitatum
989 3037 1028 3096 ct
1052 3032 1200 3116 Tyrnam

67 3137 258 3220 constitute,
275 3136 393 3219 quibus
410 3137 633 3208 instrumentis
650 3159 713 3206 scu
724 3141 935 3208 munimentis
951 3148 1023 3206 tam
1041 3137 1201 3224 proprijr‚

68 3266 172 3330 quam
188 3243 325 3313 aliorum
346 3247 489 3314 locorum
506 3248 737 3336 sollempnium
747 3253 780 3317 et
796 3251 970 3318 multorum
986 3247 1134 3316 virorum
1144 3265 1200 3314 no·

67 3353 195 3436 bilium,
215 3373 254 3420 ac
265 3355 471 3440 professione
483 3357 724 3424 communitatis
738 3377 796 3425 son
806 3357 1037 3428 uniuersitatis
1050 3355 1199 3425 eiusdem

68 3462 223 3532 Ciuitatis
253 3463 478 3551 Posoniensis‚
503 3485 631 3533 necnon
657 3465 816 3534 nobilium
837 3465 1058 3551 jobagionum
1086 3468 1197 3556 castri,

69 3577 186 3656 quibus
212 3575 444 3661 perspicaciter
469 3574 670 3659 apparebat,
694 3575 781 3657 quod
798 3575 888 3644 idcm
915 3575 1085 3644 Johaunes
1111 3573 1197 3642 filius

69 3684 160 3749 Petri
178 3702 236 3768 pro
255 3683 435 3750 deuocione
451 3689 485 3750 ot
509 3681 705 3750 fundacione
729 3683 814 3769 juris
834 3692 1032 3772 patronatus
1049 3685 1198 3752 eiusdem

69 3790 221 3857 Ecclesia
246 3791 341 3859 Santi
359 3790 562 3874 Saloatoris,
589 3789 645 3856 vbi
661 3810 789 3859 suorum
816 3799 991 3878 parentum
1008 3797 1041 3859 et
1058 3811 1198 3860 auorum

69 3897 233 3967 tumulata
249 3920 387 3988 corpora
404 3901 621 3986 requiescunt,
639 3901 762 3969 dictam
778 3903 1026 3988 passessionem
1036 3902 1150 3968 Turne
1163 3901 1199 3968 in

70 4009 301 4096 proprietatem
327 4009 472 4078 eiusdem
489 4009 640 4078 Ecclesia
665 4014 732 4076 tam
749 4009 786 4076 in
802 4021 917 4094 morte,
934 4030 1032 4094 quam
1048 4010 1133 4075 inter
1149 4011 1199 4077 ui-

69 4135 131 4184 uos
147 4115 290 4187 donasse
306 4125 340 4185 st
349 4118 480 4204 legasse
496 4125 655 4204 perpetuo
665 4118 916 4204 possidendam,
926 4118 1098 4186 usufructu
1113 4118 1200 4184 eius·

70 4225 145 4292 dem
161 4227 393 4312 possessionis,
409 4226 486 4294 dum
502 4227 629 4296 uiueret
645 4227 710 4298 sibi
727 4227 955 4297 tautummodo
971 4232 1151 4312 reseruata,
1163 4232 1200 4292 ot

72 4336 148 4402 dum
163 4335 258 4421 graui
274 4335 473 4405 infirmitatis
489 4337 574 4405 molo
590 4337 625 4403 in
641 4333 858 4422 expedicione
874 4337 991 4404 habita
1007 4342 1123 4403 contra
1132 4335 1198 4401 Du-

73 4463 144 4512 cem
159 4447 294 4513 Austris
312 4445 402 4515 eirca
418 4445 516 4516 Owar
532 4446 679 4534 grauiter
695 4455 885 4532 angeretur,
902 4446 964 4511 hoe
976 4443 1060 4510 ¹&dem
1076 4443 1108 4508 in
1124 4462 1196 4528 pres

73 4555 187 4623 rencia
201 4555 376 4624 multorum
387 4553 602 4626 discretorum
618 4563 651 4622 et
659 4554 892 4642 religiosorum
910 4555 1053 4624 virorum
1069 4571 1109 4622 ao
1122 4567 1197 4638 per·

73 4679 225 4733 sonarum
244 4665 547 4734 ecclesiasticarum
562 4663 742 4735 asseruerit
758 4665 793 4732 in
809 4666 895 4732 lecto
912 4659 1107 4747 egritudinis
1117 4679 1196 4727 oon·
