3094 5168
598 983 678 1050 142.

78 1183 121 1250 Aa
135 1183 253 1271 accept
268 1184 425 1269 reptatas
441 1182 643 1268 biaooysrtpct
657 1191 738 1264 tesz,
765 1183 844 1269 kopp
861 1182 984 1268 raptae
1003 1183 1065 1248 hdo
1080 1183 1197 1252 Jobce·

341 1291 422 1359 tetka
437 1293 518 1356 aeci
531 1290 684 1378 helycepct
700 1291 817 1358 dodra.
835 1291 931 1358 1299.

177 1487 394 1576 (Capitulum)
413 1487 509 1557 Beati
533 1487 706 1556 Michaelis
732 1487 935 1576 Archangeli
954 1489 1193 1560 Transsitnano

79 1599 222 1668 omnibus
239 1598 363 1666 (thristi
389 1596 545 1664 fidelibus
572 1605 763 1682 presentem
780 1631 824 1644 -
841 1631 883 1646 -
900 1600 1041 1668 salutem
1067 1598 1101 1666 in
1118 1618 1197 1668 uero

80 1710 246 1776 calcatore.
271 1704 327 1776 Ad
353 1706 575 1774 vniuersorum
601 1703 759 1772 noticiam
776 1712 845 1774 tam
870 1707 1078 1793 presencium
1096 1742 1138 1756 -·
1154 1742 1198 1758 -

80 1815 158 1882 serie
173 1815 324 1882 nolumus
340 1815 514 1899 peruenire
530 1813 723 1896 litterarum,
742 1812 828 1898 quod
838 1813 1010 1882 Johsnnes
1030 1813 1116 1882 filins
1131 1815 1197 1884 Da·

79 1924 127 1990 uit
143 1928 173 1990 et
187 1927 247 2010 My
263 1961 308 1972 -
320 1959 360 1970 --
377 1921 422 1991 ad
437 1927 587 1990 nostram
606 1921 806 1992 accedentes
825 1921 1051 2010 presenciam,
1066 1921 1197 1993 litteras

79 2029 183 2100 Mikud
193 2032 279 2100 Bani
294 2031 356 2098 viri
371 2030 492 2099 nobilis
509 2063 552 2078 -
565 2067 608 2078 —
625 2037 722 2098 crunt
735 2031 830 2098 nobis
846 2031 881 2097 in
897 2032 960 2100 heo
976 2033 1105 2101 uerba:

177 2139 267 2210 Viris
285 2139 436 2208 discretis
454 2140 517 2206 stb.
534 2143 718 2216 (kevatkazik
733 2145 843 2220 Mykud
858 2146 974 2204 bernak
999 2147 1129 2203 laet-ki
1148 2147 1197 2204 ok-

80 2255 181 2330 minyo,
198 2257 269 2312 mint
283 2255 401 2312 fentebb
420 2256 494 2311 118.
512 2273 551 2312 sa.
569 2253 607 2326 a.)

177 2359 334 2425 Potentes
351 2360 384 2421 et
398 2359 565 2440 rogantes,
583 2359 619 2422 vt
634 2351 784 2438 prefatas
796 2351 925 2422 litteras
937 2357 1049 2420 nostro
1064 2354 1198 2442 priuile-

80 2464 129 2544 gio
144 2462 350 2550 dignaremur
375 2461 575 2532 confirmare.
599 2459 693 2528 Vnde
710 2461 788 2544 qaia
814 2460 910 2530 iustis
938 2462 1124 2548 potenciam
1141 2463 1197 2531 de·

81 2572 205 2659 siderijs
220 2589 395 2659 sumopere
411 2553 558 2638 tenemur
575 2587 757 2654 occurrere,
781 2576 815 2638 et
830 2570 910 2654 quia
925 2570 1032 2637 eciam
1048 2571 1196 2656 ipsorum

79 2681 249 2765 peticiones
266 2677 547 2750 consideranimns
565 2679 635 2747 fore
650 2677 768 2760 iustas,
787 2675 945 2746 honestas
966 2685 1065 2762 atque
1082 2679 1197 2748 admit-

81 2789 209 2874 tendas,
229 2788 338 2857 dictas
354 2788 486 2858 litteras
501 2806 566 2856 non
583 2788 807 2874 cancellatas,
827 2805 893 2852 non
909 2785 1059 2872 viciatas,
1079 2807 1147 2855 non
1163 2787 1197 2854 in

81 2897 181 2982 aliqua
197 2896 249 2966 sni
266 2906 362 2984 parte
387 2895 593 2981 desnsoetes,
609 2903 722 2963 nostro
738 2895 914 2984 priuilegio
939 2892 1085 2980 presenti
1103 2895 1197 2964 duxi·

81 3025 143 3072 mus
157 3005 355 3108 concnam
367 3007 493 3074 Datum
508 3009 606 3074 sexta
622 3003 707 3072 foria
723 3002 874 3089 proxima
890 3007 969 3072 ante
986 3001 1194 3072 Dominioam

80 3115 208 3205 moro,
233 3137 321 3186 anno
338 3115 473 3184 Domini
488 3115 547 3182 Mt
565 3109 633 3183 00⁰
658 3114 875 3200 nonagesimo
901 3132 999 3184 nono.
1024 3113 1195 3201 Stephano

80 3223 261 3314 Preposito,
279 3223 443 3312 Gregorio
461 3227 624 3309 Oantore,
641 3223 744 3292 Paulo
761 3221 925 3307 Custode,
952 3221 1107 3293 Johanne
1123 3223 1195 3290 Dc-

82 3351 154 3402 cano
165 3333 317 3404 Ecclesie
340 3339 453 3402 nostre
468 3331 696 3401 existentibus.

286 3545 428 3622 (Tauteoh
440 3545 472 3606 ds
484 3546 647 3606 Firnhabsr
658 3545 697 3604 ie.
711 3564 747 3602 m.
767 3547 788 3604 1.
801 3547 862 3604 ket.
875 3545 936 3604 208.
950 3543 980 3618 1.)

502 3887 765 3900 ffl—
