<?xml version="1.0" encoding="UTF-8"?>
<!DOCTYPE html PUBLIC "-//W3C//DTD XHTML 1.0 Transitional//EN"
    "http://www.w3.org/TR/xhtml1/DTD/xhtml1-transitional.dtd">
<html xmlns="http://www.w3.org/1999/xhtml" xml:lang="en" lang="en">
 <head>
  <title>
</title>
<meta http-equiv="Content-Type" content="text/html;charset=utf-8" />
  <meta name='ocr-system' content='tesseract 3.04.00' />
  <meta name='ocr-capabilities' content='ocr_page ocr_carea ocr_par ocr_line ocrx_word'/>
</head>
<body>
  <div class='ocr_page' id='page_1' title='image "./codexdiplomatic16wenzgoog_0241.png"; bbox 0 0 3094 5168; ppageno 0'>
   <div class='ocr_carea' id='block_1_1' title="bbox 811 235 967 340">
    <p class='ocr_par' dir='ltr' id='par_1_1' title="bbox 811 235 967 340">
     <span class='ocr_line' id='line_1_1' title="bbox 811 235 967 340; baseline 0 -37"><span class='ocrx_word' id='word_1_1' title='bbox 811 235 967 340; x_wconf 44' lang='grc' dir='ltr'><strong>,ει-(χ</strong></span> 
     </span>
    </p>
   </div>
   <div class='ocr_carea' id='block_1_2' title="bbox 316 427 1465 4649">
    <p class='ocr_par' dir='ltr' id='par_1_2' title="bbox 316 427 1465 4649">
     <span class='ocr_line' id='line_1_2' title="bbox 326 427 1464 520; baseline -0.01 -17"><span class='ocrx_word' id='word_1_2' title='bbox 326 436 431 503; x_wconf 87' lang='lat' dir='ltr'><strong>solum</strong></span> <span class='ocrx_word' id='word_1_3' title='bbox 450 431 691 520; x_wconf 71' lang='lat' dir='ltr'><strong>circumpositis</strong></span> <span class='ocrx_word' id='word_1_4' title='bbox 716 431 905 519; x_wconf 79' lang='lat' dir='ltr'><strong>regionibus</strong></span> <span class='ocrx_word' id='word_1_5' title='bbox 925 449 984 499; x_wconf 88' lang='lat' dir='ltr'><strong>sue</strong></span> <span class='ocrx_word' id='word_1_6' title='bbox 1008 429 1228 499; x_wconf 88' lang='lat' dir='ltr'><strong>beatitudiuis</strong></span> <span class='ocrx_word' id='word_1_7' title='bbox 1252 427 1464 497; x_wconf 84' lang='lat' dir='ltr'><strong>diffuderunt</strong></span> 
     </span>
     <span class='ocr_line' id='line_1_3' title="bbox 327 540 1465 629; baseline -0.007 -17"><span class='ocrx_word' id='word_1_8' title='bbox 327 545 497 629; x_wconf 87' lang='lat' dir='ltr'><strong>exempla,</strong></span> <span class='ocrx_word' id='word_1_9' title='bbox 524 542 582 610; x_wconf 88' lang='lat' dir='ltr'><strong>sed</strong></span> <span class='ocrx_word' id='word_1_10' title='bbox 596 544 695 628; x_wconf 91' lang='lat' dir='ltr'><strong>longe</strong></span> <span class='ocrx_word' id='word_1_11' title='bbox 710 543 843 625; x_wconf 89' lang='lat' dir='ltr'><strong>lateque</strong></span> <span class='ocrx_word' id='word_1_12' title='bbox 860 559 918 627; x_wconf 89' lang='lat' dir='ltr'><strong>per</strong></span> <span class='ocrx_word' id='word_1_13' title='bbox 934 542 1068 626; x_wconf 91' lang='lat' dir='ltr'><strong>orbem;</strong></span> <span class='ocrx_word' id='word_1_14' title='bbox 1095 561 1137 609; x_wconf 87' lang='lat' dir='ltr'><strong>ex</strong></span> <span class='ocrx_word' id='word_1_15' title='bbox 1153 541 1271 624; x_wconf 88' lang='lat' dir='ltr'><strong>quibus</strong></span> <span class='ocrx_word' id='word_1_16' title='bbox 1286 559 1343 626; x_wconf 90' lang='lat' dir='ltr'><strong>per</strong></span> <span class='ocrx_word' id='word_1_17' title='bbox 1359 540 1465 622; x_wconf 85' lang='lat' dir='ltr'><strong>Apo·</strong></span> 
     </span>
     <span class='ocr_line' id='line_1_4' title="bbox 326 647 1463 736; baseline -0.006 -19"><span class='ocrx_word' id='word_1_18' title='bbox 326 651 477 719; x_wconf 89' lang='lat' dir='ltr'><strong>stolicam</strong></span> <span class='ocrx_word' id='word_1_19' title='bbox 494 649 612 719; x_wconf 84' lang='lat' dir='ltr'><strong>Sedem</strong></span> <span class='ocrx_word' id='word_1_20' title='bbox 630 651 727 717; x_wconf 88' lang='lat' dir='ltr'><strong>etiam</strong></span> <span class='ocrx_word' id='word_1_21' title='bbox 740 651 862 718; x_wconf 89' lang='lat' dir='ltr'><strong>nostris</strong></span> <span class='ocrx_word' id='word_1_22' title='bbox 879 651 1080 736; x_wconf 79' lang='lat' dir='ltr'><strong>temporibus</strong></span> <span class='ocrx_word' id='word_1_23' title='bbox 1092 651 1285 732; x_wconf 75' lang='lat' dir='ltr'><strong>Sanctorum</strong></span> <span class='ocrx_word' id='word_1_24' title='bbox 1295 647 1463 728; x_wconf 89' lang='lat' dir='ltr'><strong>catalogo</strong></span> 
     </span>
     <span class='ocr_line' id='line_1_5' title="bbox 326 754 1460 844; baseline -0.007 -18"><span class='ocrx_word' id='word_1_25' title='bbox 326 766 402 826; x_wconf 89' lang='lat' dir='ltr'><strong>suut</strong></span> <span class='ocrx_word' id='word_1_26' title='bbox 426 758 603 843; x_wconf 89' lang='lat' dir='ltr'><strong>adscripta.</strong></span> <span class='ocrx_word' id='word_1_27' title='bbox 621 757 747 824; x_wconf 83' lang='lat' dir='ltr'><strong>Habuit</strong></span> <span class='ocrx_word' id='word_1_28' title='bbox 771 756 858 826; x_wconf 88' lang='lat' dir='ltr'><strong>enim</strong></span> <span class='ocrx_word' id='word_1_29' title='bbox 884 758 994 844; x_wconf 89' lang='lat' dir='ltr'><strong>ipsum</strong></span> <span class='ocrx_word' id='word_1_30' title='bbox 1018 759 1166 841; x_wconf 82' lang='lat' dir='ltr'><strong>Regnum</strong></span> <span class='ocrx_word' id='word_1_31' title='bbox 1192 757 1279 824; x_wconf 86' lang='lat' dir='ltr'><strong>viros</strong></span> <span class='ocrx_word' id='word_1_32' title='bbox 1309 754 1460 822; x_wconf 88' lang='lat' dir='ltr'><strong>scientie</strong></span> 
     </span>
     <span class='ocr_line' id='line_1_6' title="bbox 326 863 1464 950; baseline -0.004 -17"><span class='ocrx_word' id='word_1_33' title='bbox 326 867 499 934; x_wconf 88' lang='lat' dir='ltr'><strong>eminentis</strong></span> <span class='ocrx_word' id='word_1_34' title='bbox 515 868 549 935; x_wconf 94' lang='lat' dir='ltr'><strong>in</strong></span> <span class='ocrx_word' id='word_1_35' title='bbox 573 869 672 948; x_wconf 87' lang='lat' dir='ltr'><strong>clero,</strong></span> <span class='ocrx_word' id='word_1_36' title='bbox 690 867 794 933; x_wconf 90' lang='lat' dir='ltr'><strong>laicos</strong></span> <span class='ocrx_word' id='word_1_37' title='bbox 810 870 962 935; x_wconf 90' lang='lat' dir='ltr'><strong>robustos</strong></span> <span class='ocrx_word' id='word_1_38' title='bbox 979 866 1013 933; x_wconf 92' lang='lat' dir='ltr'><strong>in</strong></span> <span class='ocrx_word' id='word_1_39' title='bbox 1029 865 1168 950; x_wconf 91' lang='lat' dir='ltr'><strong>bellicis,</strong></span> <span class='ocrx_word' id='word_1_40' title='bbox 1185 863 1390 932; x_wconf 85' lang='lat' dir='ltr'><strong>devotionem</strong></span> <span class='ocrx_word' id='word_1_41' title='bbox 1411 863 1464 928; x_wconf 89' lang='lat' dir='ltr'><strong>ad</strong></span> 
     </span>
     <span class='ocr_line' id='line_1_7' title="bbox 325 971 1460 1063; baseline -0.006 -20"><span class='ocrx_word' id='word_1_42' title='bbox 325 976 550 1062; x_wconf 81' lang='lat' dir='ltr'><strong>Apostolieam</strong></span> <span class='ocrx_word' id='word_1_43' title='bbox 576 975 696 1046; x_wconf 86' lang='lat' dir='ltr'><strong>Sedem</strong></span> <span class='ocrx_word' id='word_1_44' title='bbox 720 976 755 1044; x_wconf 92' lang='lat' dir='ltr'><strong>iu</strong></span> <span class='ocrx_word' id='word_1_45' title='bbox 770 975 921 1063; x_wconf 84' lang='lat' dir='ltr'><strong>populis;</strong></span> <span class='ocrx_word' id='word_1_46' title='bbox 937 978 998 1045; x_wconf 85' lang='lat' dir='ltr'><strong>luit</strong></span> <span class='ocrx_word' id='word_1_47' title='bbox 1013 974 1254 1061; x_wconf 87' lang='lat' dir='ltr'><strong>circumpositis</strong></span> <span class='ocrx_word' id='word_1_48' title='bbox 1274 973 1401 1057; x_wconf 88' lang='lat' dir='ltr'><strong>Regnis</strong></span> <span class='ocrx_word' id='word_1_49' title='bbox 1421 971 1460 1036; x_wconf 89' lang='lat' dir='ltr'><strong>in</strong></span> 
     </span>
     <span class='ocr_line' id='line_1_8' title="bbox 325 1080 1460 1171; baseline -0.004 -20"><span class='ocrx_word' id='word_1_50' title='bbox 325 1086 495 1171; x_wconf 90' lang='lat' dir='ltr'><strong>speculum</strong></span> <span class='ocrx_word' id='word_1_51' title='bbox 518 1085 623 1152; x_wconf 89' lang='lat' dir='ltr'><strong>multa</strong></span> <span class='ocrx_word' id='word_1_52' title='bbox 647 1085 801 1152; x_wconf 85' lang='lat' dir='ltr'><strong>uirtutum</strong></span> <span class='ocrx_word' id='word_1_53' title='bbox 828 1087 1065 1153; x_wconf 79' lang='lat' dir='ltr'><strong>numerositate</strong></span> <span class='ocrx_word' id='word_1_54' title='bbox 1089 1086 1247 1153; x_wconf 62' lang='lat' dir='ltr'><strong>demtum.</strong></span> <span class='ocrx_word' id='word_1_55' title='bbox 1274 1080 1338 1149; x_wconf 90' lang='lat' dir='ltr'><strong>Sed</strong></span> <span class='ocrx_word' id='word_1_56' title='bbox 1364 1080 1460 1164; x_wconf 89' lang='lat' dir='ltr'><strong>proh</strong></span> 
     </span>
     <span class='ocr_line' id='line_1_9' title="bbox 325 1190 1461 1280; baseline -0.006 -20"><span class='ocrx_word' id='word_1_57' title='bbox 325 1193 437 1260; x_wconf 90' lang='lat' dir='ltr'><strong>dolori</strong></span> <span class='ocrx_word' id='word_1_58' title='bbox 463 1193 540 1261; x_wconf 90' lang='lat' dir='ltr'><strong>dum</strong></span> <span class='ocrx_word' id='word_1_59' title='bbox 566 1194 599 1260; x_wconf 93' lang='lat' dir='ltr'><strong>in</strong></span> <span class='ocrx_word' id='word_1_60' title='bbox 625 1194 865 1279; x_wconf 83' lang='lat' dir='ltr'><strong>presentiarum</strong></span> <span class='ocrx_word' id='word_1_61' title='bbox 891 1195 1038 1280; x_wconf 77' lang='lat' dir='ltr'><strong>Regnum</strong></span> <span class='ocrx_word' id='word_1_62' title='bbox 1054 1193 1162 1280; x_wconf 91' lang='lat' dir='ltr'><strong>ipsum</strong></span> <span class='ocrx_word' id='word_1_63' title='bbox 1178 1190 1390 1275; x_wconf 84' lang='lat' dir='ltr'><strong>respicimus,</strong></span> <span class='ocrx_word' id='word_1_64' title='bbox 1423 1195 1461 1253; x_wconf 88' lang='lat' dir='ltr'><strong>et</strong></span> 
     </span>
     <span class='ocr_line' id='line_1_10' title="bbox 324 1295 1461 1388; baseline -0.005 -19"><span class='ocrx_word' id='word_1_65' title='bbox 324 1299 548 1369; x_wconf 84' lang='lat' dir='ltr'><strong>miserabilem</strong></span> <span class='ocrx_word' id='word_1_66' title='bbox 564 1305 686 1370; x_wconf 86' lang='lat' dir='ltr'><strong>statum</strong></span> <span class='ocrx_word' id='word_1_67' title='bbox 713 1299 793 1387; x_wconf 92' lang='lat' dir='ltr'><strong>eius,</strong></span> <span class='ocrx_word' id='word_1_68' title='bbox 810 1306 842 1370; x_wconf 89' lang='lat' dir='ltr'><strong>et</strong></span> <span class='ocrx_word' id='word_1_69' title='bbox 858 1307 1015 1386; x_wconf 86' lang='lat' dir='ltr'><strong>quantum</strong></span> <span class='ocrx_word' id='word_1_70' title='bbox 1031 1321 1052 1369; x_wconf 85' lang='lat' dir='ltr'><strong>a</strong></span> <span class='ocrx_word' id='word_1_71' title='bbox 1067 1301 1170 1388; x_wconf 91' lang='lat' dir='ltr'><strong>priori</strong></span> <span class='ocrx_word' id='word_1_72' title='bbox 1185 1299 1276 1368; x_wconf 88' lang='lat' dir='ltr'><strong>felini</strong></span> <span class='ocrx_word' id='word_1_73' title='bbox 1290 1303 1377 1365; x_wconf 89' lang='lat' dir='ltr'><strong>statu</strong></span> <span class='ocrx_word' id='word_1_74' title='bbox 1396 1295 1461 1363; x_wconf 90' lang='lat' dir='ltr'><strong>de·</strong></span> 
     </span>
     <span class='ocr_line' id='line_1_11' title="bbox 323 1405 1460 1496; baseline -0.001 -24"><span class='ocrx_word' id='word_1_75' title='bbox 323 1405 426 1496; x_wconf 84' lang='lat' dir='ltr'><strong>fluxit,</strong></span> <span class='ocrx_word' id='word_1_76' title='bbox 444 1414 477 1475; x_wconf 93' lang='lat' dir='ltr'><strong>et</strong></span> <span class='ocrx_word' id='word_1_77' title='bbox 493 1427 514 1475; x_wconf 92' lang='lat' dir='ltr'><strong>a</strong></span> <span class='ocrx_word' id='word_1_78' title='bbox 529 1413 618 1476; x_wconf 88' lang='lat' dir='ltr'><strong>statu</strong></span> <span class='ocrx_word' id='word_1_79' title='bbox 634 1408 754 1476; x_wconf 90' lang='lat' dir='ltr'><strong>cecidit</strong></span> <span class='ocrx_word' id='word_1_80' title='bbox 769 1408 925 1494; x_wconf 91' lang='lat' dir='ltr'><strong>glorioso,</strong></span> <span class='ocrx_word' id='word_1_81' title='bbox 942 1409 1134 1496; x_wconf 89' lang='lat' dir='ltr'><strong>diligentius</strong></span> <span class='ocrx_word' id='word_1_82' title='bbox 1149 1411 1322 1491; x_wconf 89' lang='lat' dir='ltr'><strong>iutuemur,</strong></span> <span class='ocrx_word' id='word_1_83' title='bbox 1338 1405 1460 1473; x_wconf 87' lang='lat' dir='ltr'><strong>lormi-</strong></span> 
     </span>
     <span class='ocr_line' id='line_1_12' title="bbox 324 1515 1459 1606; baseline -0.004 -22"><span class='ocrx_word' id='word_1_84' title='bbox 324 1515 441 1585; x_wconf 87' lang='lat' dir='ltr'><strong>damus</strong></span> <span class='ocrx_word' id='word_1_85' title='bbox 458 1515 573 1586; x_wconf 91' lang='lat' dir='ltr'><strong>merito</strong></span> <span class='ocrx_word' id='word_1_86' title='bbox 590 1521 624 1585; x_wconf 92' lang='lat' dir='ltr'><strong>et</strong></span> <span class='ocrx_word' id='word_1_87' title='bbox 647 1516 746 1585; x_wconf 87' lang='lat' dir='ltr'><strong>valde</strong></span> <span class='ocrx_word' id='word_1_88' title='bbox 761 1519 922 1606; x_wconf 89' lang='lat' dir='ltr'><strong>timemus,</strong></span> <span class='ocrx_word' id='word_1_89' title='bbox 939 1537 982 1585; x_wconf 90' lang='lat' dir='ltr'><strong>ne</strong></span> <span class='ocrx_word' id='word_1_90' title='bbox 997 1520 1145 1605; x_wconf 84' lang='lat' dir='ltr'><strong>Regnum</strong></span> <span class='ocrx_word' id='word_1_91' title='bbox 1161 1518 1268 1602; x_wconf 90' lang='lat' dir='ltr'><strong>ipsum</strong></span> <span class='ocrx_word' id='word_1_92' title='bbox 1284 1523 1459 1602; x_wconf 89' lang='lat' dir='ltr'><strong>tempora-</strong></span> 
     </span>
     <span class='ocr_line' id='line_1_13' title="bbox 322 1623 1460 1714; baseline -0.005 -20"><span class='ocrx_word' id='word_1_93' title='bbox 322 1627 399 1695; x_wconf 86' lang='lat' dir='ltr'><strong>liter</strong></span> <span class='ocrx_word' id='word_1_94' title='bbox 421 1625 457 1692; x_wconf 92' lang='lat' dir='ltr'><strong>in</strong></span> <span class='ocrx_word' id='word_1_95' title='bbox 472 1645 596 1713; x_wconf 88' lang='lat' dir='ltr'><strong>magna</strong></span> <span class='ocrx_word' id='word_1_96' title='bbox 612 1623 798 1712; x_wconf 90' lang='lat' dir='ltr'><strong>dispendia,</strong></span> <span class='ocrx_word' id='word_1_97' title='bbox 815 1633 848 1694; x_wconf 90' lang='lat' dir='ltr'><strong>et</strong></span> <span class='ocrx_word' id='word_1_98' title='bbox 864 1625 1080 1714; x_wconf 84' lang='lat' dir='ltr'><strong>spiritualiter</strong></span> <span class='ocrx_word' id='word_1_99' title='bbox 1095 1628 1130 1694; x_wconf 91' lang='lat' dir='ltr'><strong>in</strong></span> <span class='ocrx_word' id='word_1_100' title='bbox 1156 1645 1277 1712; x_wconf 90' lang='lat' dir='ltr'><strong>magna</strong></span> <span class='ocrx_word' id='word_1_101' title='bbox 1301 1623 1460 1710; x_wconf 85' lang='lat' dir='ltr'><strong>pericula</strong></span> 
     </span>
     <span class='ocr_line' id='line_1_14' title="bbox 324 1733 1459 1821; baseline -0.005 -18"><span class='ocrx_word' id='word_1_102' title='bbox 324 1735 510 1821; x_wconf 88' lang='lat' dir='ltr'><strong>dilabatur,</strong></span> <span class='ocrx_word' id='word_1_103' title='bbox 536 1733 665 1818; x_wconf 87' lang='lat' dir='ltr'><strong>quibus,</strong></span> <span class='ocrx_word' id='word_1_104' title='bbox 683 1733 746 1802; x_wconf 86' lang='lat' dir='ltr'><strong>uisi</strong></span> <span class='ocrx_word' id='word_1_105' title='bbox 763 1735 901 1804; x_wconf 84' lang='lat' dir='ltr'><strong>dextera</strong></span> <span class='ocrx_word' id='word_1_106' title='bbox 917 1736 1050 1804; x_wconf 93' lang='lat' dir='ltr'><strong>Domini</strong></span> <span class='ocrx_word' id='word_1_107' title='bbox 1076 1735 1220 1805; x_wconf 88' lang='lat' dir='ltr'><strong>faciente</strong></span> <span class='ocrx_word' id='word_1_108' title='bbox 1234 1735 1399 1815; x_wconf 84' lang='lat' dir='ltr'><strong>uirtutem,</strong></span> <span class='ocrx_word' id='word_1_109' title='bbox 1420 1737 1459 1798; x_wconf 93' lang='lat' dir='ltr'><strong>et</strong></span> 
     </span>
     <span class='ocr_line' id='line_1_15' title="bbox 322 1839 1458 1929; baseline -0.003 -19"><span class='ocrx_word' id='word_1_110' title='bbox 322 1861 383 1927; x_wconf 88' lang='lat' dir='ltr'><strong>per</strong></span> <span class='ocrx_word' id='word_1_111' title='bbox 398 1841 588 1928; x_wconf 84' lang='lat' dir='ltr'><strong>Apostolice</strong></span> <span class='ocrx_word' id='word_1_112' title='bbox 613 1839 711 1910; x_wconf 86' lang='lat' dir='ltr'><strong>Sedis</strong></span> <span class='ocrx_word' id='word_1_113' title='bbox 735 1843 980 1928; x_wconf 80' lang='lat' dir='ltr'><strong>providentiam</strong></span> <span class='ocrx_word' id='word_1_114' title='bbox 998 1845 1167 1929; x_wconf 86' lang='lat' dir='ltr'><strong>obvietur,</strong></span> <span class='ocrx_word' id='word_1_115' title='bbox 1193 1846 1343 1928; x_wconf 83' lang='lat' dir='ltr'><strong>Regnum</strong></span> <span class='ocrx_word' id='word_1_116' title='bbox 1359 1839 1458 1908; x_wconf 88' lang='lat' dir='ltr'><strong>idem</strong></span> 
     </span>
     <span class='ocr_line' id='line_1_16' title="bbox 324 1947 1458 2036; baseline -0.003 -18"><span class='ocrx_word' id='word_1_117' title='bbox 324 1949 381 2018; x_wconf 85' lang='lat' dir='ltr'><strong>vix</strong></span> <span class='ocrx_word' id='word_1_118' title='bbox 395 1947 539 2033; x_wconf 89' lang='lat' dir='ltr'><strong>adiiciet,</strong></span> <span class='ocrx_word' id='word_1_119' title='bbox 557 1955 592 2016; x_wconf 93' lang='lat' dir='ltr'><strong>ut</strong></span> <span class='ocrx_word' id='word_1_120' title='bbox 611 1957 774 2036; x_wconf 88' lang='lat' dir='ltr'><strong>resurgat.</strong></span> <span class='ocrx_word' id='word_1_121' title='bbox 792 1951 853 2019; x_wconf 81' lang='lat' dir='ltr'><strong>Est</strong></span> <span class='ocrx_word' id='word_1_122' title='bbox 868 1971 1011 2036; x_wconf 89' lang='lat' dir='ltr'><strong>namque</strong></span> <span class='ocrx_word' id='word_1_123' title='bbox 1036 1953 1274 2021; x_wconf 90' lang='lat' dir='ltr'><strong>circumdatum</strong></span> <span class='ocrx_word' id='word_1_124' title='bbox 1290 1950 1458 2018; x_wconf 87' lang='lat' dir='ltr'><strong>scismati-</strong></span> 
     </span>
     <span class='ocr_line' id='line_1_17' title="bbox 324 2057 1454 2146; baseline -0.002 -21"><span class='ocrx_word' id='word_1_125' title='bbox 324 2059 383 2146; x_wconf 89' lang='lat' dir='ltr'><strong>cis,</strong></span> <span class='ocrx_word' id='word_1_126' title='bbox 398 2057 552 2127; x_wconf 80' lang='lat' dir='ltr'><strong>hereticis</strong></span> <span class='ocrx_word' id='word_1_127' title='bbox 575 2063 609 2126; x_wconf 90' lang='lat' dir='ltr'><strong>et</strong></span> <span class='ocrx_word' id='word_1_128' title='bbox 622 2059 784 2146; x_wconf 90' lang='lat' dir='ltr'><strong>paganis,</strong></span> <span class='ocrx_word' id='word_1_129' title='bbox 801 2081 843 2130; x_wconf 89' lang='lat' dir='ltr'><strong>ae</strong></span> <span class='ocrx_word' id='word_1_130' title='bbox 859 2081 970 2129; x_wconf 89' lang='lat' dir='ltr'><strong>eorum</strong></span> <span class='ocrx_word' id='word_1_131' title='bbox 992 2061 1178 2130; x_wconf 89' lang='lat' dir='ltr'><strong>iucursibus</strong></span> <span class='ocrx_word' id='word_1_132' title='bbox 1195 2060 1381 2145; x_wconf 87' lang='lat' dir='ltr'><strong>frequenter</strong></span> <span class='ocrx_word' id='word_1_133' title='bbox 1397 2059 1454 2124; x_wconf 90' lang='lat' dir='ltr'><strong>in·</strong></span> 
     </span>
     <span class='ocr_line' id='line_1_18' title="bbox 322 2166 1454 2256; baseline -0.004 -20"><span class='ocrx_word' id='word_1_134' title='bbox 322 2184 457 2252; x_wconf 81' lang='lat' dir='ltr'><strong>vasum,</strong></span> <span class='ocrx_word' id='word_1_135' title='bbox 474 2167 694 2236; x_wconf 85' lang='lat' dir='ltr'><strong>numerositas</strong></span> <span class='ocrx_word' id='word_1_136' title='bbox 718 2169 913 2255; x_wconf 86' lang='lat' dir='ltr'><strong>populorum</strong></span> <span class='ocrx_word' id='word_1_137' title='bbox 929 2171 963 2238; x_wconf 90' lang='lat' dir='ltr'><strong>in</strong></span> <span class='ocrx_word' id='word_1_138' title='bbox 980 2171 1051 2256; x_wconf 92' lang='lat' dir='ltr'><strong>ipso</strong></span> <span class='ocrx_word' id='word_1_139' title='bbox 1067 2168 1308 2256; x_wconf 86' lang='lat' dir='ltr'><strong>quodammodo</strong></span> <span class='ocrx_word' id='word_1_140' title='bbox 1329 2166 1372 2233; x_wconf 85' lang='lat' dir='ltr'><strong>ad</strong></span> <span class='ocrx_word' id='word_1_141' title='bbox 1388 2187 1454 2252; x_wconf 89' lang='lat' dir='ltr'><strong>pu-</strong></span> 
     </span>
     <span class='ocr_line' id='line_1_19' title="bbox 323 2275 1455 2365; baseline -0.002 -23"><span class='ocrx_word' id='word_1_142' title='bbox 323 2275 432 2342; x_wconf 91' lang='lat' dir='ltr'><strong>sillum</strong></span> <span class='ocrx_word' id='word_1_143' title='bbox 447 2294 581 2361; x_wconf 78' lang='lat' dir='ltr'><strong>gregem</strong></span> <span class='ocrx_word' id='word_1_144' title='bbox 599 2276 743 2365; x_wconf 85' lang='lat' dir='ltr'><strong>redacta,</strong></span> <span class='ocrx_word' id='word_1_145' title='bbox 760 2277 878 2344; x_wconf 91' lang='lat' dir='ltr'><strong>sedent</strong></span> <span class='ocrx_word' id='word_1_146' title='bbox 894 2280 988 2362; x_wconf 90' lang='lat' dir='ltr'><strong>quasi</strong></span> <span class='ocrx_word' id='word_1_147' title='bbox 1005 2281 1079 2350; x_wconf 90' lang='lat' dir='ltr'><strong>sola</strong></span> <span class='ocrx_word' id='word_1_148' title='bbox 1092 2279 1125 2347; x_wconf 90' lang='lat' dir='ltr'><strong>in</strong></span> <span class='ocrx_word' id='word_1_149' title='bbox 1141 2299 1180 2346; x_wconf 91' lang='lat' dir='ltr'><strong>eo</strong></span> <span class='ocrx_word' id='word_1_150' title='bbox 1197 2278 1352 2346; x_wconf 90' lang='lat' dir='ltr'><strong>nonnulle</strong></span> <span class='ocrx_word' id='word_1_151' title='bbox 1369 2276 1455 2343; x_wconf 84' lang='lat' dir='ltr'><strong>civi-</strong></span> 
     </span>
     <span class='ocr_line' id='line_1_20' title="bbox 324 2385 1456 2476; baseline -0.004 -24"><span class='ocrx_word' id='word_1_152' title='bbox 324 2387 412 2452; x_wconf 87' lang='lat' dir='ltr'><strong>tates</strong></span> <span class='ocrx_word' id='word_1_153' title='bbox 428 2388 462 2450; x_wconf 93' lang='lat' dir='ltr'><strong>et</strong></span> <span class='ocrx_word' id='word_1_154' title='bbox 476 2385 560 2469; x_wconf 91' lang='lat' dir='ltr'><strong>loca,</strong></span> <span class='ocrx_word' id='word_1_155' title='bbox 581 2404 644 2468; x_wconf 91' lang='lat' dir='ltr'><strong>que</strong></span> <span class='ocrx_word' id='word_1_156' title='bbox 660 2385 736 2453; x_wconf 91' lang='lat' dir='ltr'><strong>olim</strong></span> <span class='ocrx_word' id='word_1_157' title='bbox 755 2387 886 2472; x_wconf 89' lang='lat' dir='ltr'><strong>populis</strong></span> <span class='ocrx_word' id='word_1_158' title='bbox 902 2395 994 2456; x_wconf 88' lang='lat' dir='ltr'><strong>erant</strong></span> <span class='ocrx_word' id='word_1_159' title='bbox 1010 2389 1118 2476; x_wconf 88' lang='lat' dir='ltr'><strong>plena,</strong></span> <span class='ocrx_word' id='word_1_160' title='bbox 1135 2389 1283 2474; x_wconf 89' lang='lat' dir='ltr'><strong>pluribus</strong></span> <span class='ocrx_word' id='word_1_161' title='bbox 1299 2387 1456 2453; x_wconf 89' lang='lat' dir='ltr'><strong>interem-</strong></span> 
     </span>
     <span class='ocr_line' id='line_1_21' title="bbox 322 2492 1455 2581; baseline 0.001 -21"><span class='ocrx_word' id='word_1_162' title='bbox 322 2493 389 2579; x_wconf 92' lang='lat' dir='ltr'><strong>ptis</strong></span> <span class='ocrx_word' id='word_1_163' title='bbox 405 2498 438 2562; x_wconf 92' lang='lat' dir='ltr'><strong>et</strong></span> <span class='ocrx_word' id='word_1_164' title='bbox 454 2492 564 2562; x_wconf 92' lang='lat' dir='ltr'><strong>multis</strong></span> <span class='ocrx_word' id='word_1_165' title='bbox 587 2495 621 2562; x_wconf 92' lang='lat' dir='ltr'><strong>in</strong></span> <span class='ocrx_word' id='word_1_166' title='bbox 648 2495 833 2581; x_wconf 85' lang='lat' dir='ltr'><strong>captionem</strong></span> <span class='ocrx_word' id='word_1_167' title='bbox 857 2495 1017 2566; x_wconf 88' lang='lat' dir='ltr'><strong>deductis.</strong></span> <span class='ocrx_word' id='word_1_168' title='bbox 1035 2499 1104 2566; x_wconf 87' lang='lat' dir='ltr'><strong>Hac</strong></span> <span class='ocrx_word' id='word_1_169' title='bbox 1120 2497 1197 2564; x_wconf 93' lang='lat' dir='ltr'><strong>dum</strong></span> <span class='ocrx_word' id='word_1_170' title='bbox 1213 2503 1321 2566; x_wconf 87' lang='lat' dir='ltr'><strong>mente</strong></span> <span class='ocrx_word' id='word_1_171' title='bbox 1336 2497 1455 2563; x_wconf 87' lang='lat' dir='ltr'><strong>revol-</strong></span> 
     </span>
     <span class='ocr_line' id='line_1_22' title="bbox 321 2601 1455 2692; baseline 0.003 -24"><span class='ocrx_word' id='word_1_172' title='bbox 321 2601 429 2668; x_wconf 84' lang='lat' dir='ltr'><strong>vimus</strong></span> <span class='ocrx_word' id='word_1_173' title='bbox 444 2605 477 2668; x_wconf 86' lang='lat' dir='ltr'><strong>et</strong></span> <span class='ocrx_word' id='word_1_174' title='bbox 493 2602 597 2669; x_wconf 89' lang='lat' dir='ltr'><strong>oculis</strong></span> <span class='ocrx_word' id='word_1_175' title='bbox 612 2621 735 2690; x_wconf 83' lang='lat' dir='ltr'><strong>magne</strong></span> <span class='ocrx_word' id='word_1_176' title='bbox 751 2605 990 2690; x_wconf 81' lang='lat' dir='ltr'><strong>compassionis</strong></span> <span class='ocrx_word' id='word_1_177' title='bbox 1006 2606 1195 2692; x_wconf 88' lang='lat' dir='ltr'><strong>aspicimus,</strong></span> <span class='ocrx_word' id='word_1_178' title='bbox 1211 2625 1379 2673; x_wconf 87' lang='lat' dir='ltr'><strong>movemur</strong></span> <span class='ocrx_word' id='word_1_179' title='bbox 1403 2604 1455 2671; x_wconf 89' lang='lat' dir='ltr'><strong>ad</strong></span> 
     </span>
     <span class='ocr_line' id='line_1_23' title="bbox 322 2705 1454 2800; baseline 0.004 -28"><span class='ocrx_word' id='word_1_180' title='bbox 322 2705 489 2794; x_wconf 90' lang='lat' dir='ltr'><strong>lacrimas,</strong></span> <span class='ocrx_word' id='word_1_181' title='bbox 505 2707 548 2776; x_wconf 90' lang='lat' dir='ltr'><strong>ad</strong></span> <span class='ocrx_word' id='word_1_182' title='bbox 573 2709 741 2794; x_wconf 91' lang='lat' dir='ltr'><strong>querenda</strong></span> <span class='ocrx_word' id='word_1_183' title='bbox 757 2713 905 2782; x_wconf 90' lang='lat' dir='ltr'><strong>remedia</strong></span> <span class='ocrx_word' id='word_1_184' title='bbox 930 2714 1145 2800; x_wconf 89' lang='lat' dir='ltr'><strong>stimulamur,</strong></span> <span class='ocrx_word' id='word_1_185' title='bbox 1162 2723 1194 2782; x_wconf 91' lang='lat' dir='ltr'><strong>et</strong></span> <span class='ocrx_word' id='word_1_186' title='bbox 1210 2731 1345 2800; x_wconf 85' lang='lat' dir='ltr'><strong>surgere</strong></span> <span class='ocrx_word' id='word_1_187' title='bbox 1362 2713 1454 2798; x_wconf 87' lang='lat' dir='ltr'><strong>eogi-</strong></span> 
     </span>
     <span class='ocr_line' id='line_1_24' title="bbox 321 2814 1455 2910; baseline 0.004 -28"><span class='ocrx_word' id='word_1_188' title='bbox 321 2834 394 2882; x_wconf 89' lang='lat' dir='ltr'><strong>mur</strong></span> <span class='ocrx_word' id='word_1_189' title='bbox 409 2814 453 2884; x_wconf 89' lang='lat' dir='ltr'><strong>ad</strong></span> <span class='ocrx_word' id='word_1_190' title='bbox 476 2816 723 2905; x_wconf 87' lang='lat' dir='ltr'><strong>providendum,</strong></span> <span class='ocrx_word' id='word_1_191' title='bbox 742 2822 830 2902; x_wconf 90' lang='lat' dir='ltr'><strong>quod</strong></span> <span class='ocrx_word' id='word_1_192' title='bbox 855 2821 1059 2907; x_wconf 87' lang='lat' dir='ltr'><strong>sepedictum</strong></span> <span class='ocrx_word' id='word_1_193' title='bbox 1075 2823 1223 2910; x_wconf 87' lang='lat' dir='ltr'><strong>Regnum</strong></span> <span class='ocrx_word' id='word_1_194' title='bbox 1242 2823 1368 2890; x_wconf 88' lang='lat' dir='ltr'><strong>habeat</strong></span> <span class='ocrx_word' id='word_1_195' title='bbox 1394 2821 1455 2887; x_wconf 91' lang='lat' dir='ltr'><strong>bo·</strong></span> 
     </span>
     <span class='ocr_line' id='line_1_25' title="bbox 322 2927 1452 3018; baseline 0.005 -28"><span class='ocrx_word' id='word_1_196' title='bbox 322 2942 397 2990; x_wconf 90' lang='lat' dir='ltr'><strong>num</strong></span> <span class='ocrx_word' id='word_1_197' title='bbox 414 2929 547 3013; x_wconf 90' lang='lat' dir='ltr'><strong>statum,</strong></span> <span class='ocrx_word' id='word_1_198' title='bbox 564 2927 707 2996; x_wconf 81' lang='lat' dir='ltr'><strong>manime</strong></span> <span class='ocrx_word' id='word_1_199' title='bbox 724 2935 759 2994; x_wconf 93' lang='lat' dir='ltr'><strong>ut</strong></span> <span class='ocrx_word' id='word_1_200' title='bbox 775 2929 808 2996; x_wconf 92' lang='lat' dir='ltr'><strong>in</strong></span> <span class='ocrx_word' id='word_1_201' title='bbox 825 2928 889 2998; x_wconf 90' lang='lat' dir='ltr'><strong>fide</strong></span> <span class='ocrx_word' id='word_1_202' title='bbox 905 2930 1077 2999; x_wconf 80' lang='lat' dir='ltr'><strong>Catholioa</strong></span> <span class='ocrx_word' id='word_1_203' title='bbox 1093 2939 1126 2999; x_wconf 90' lang='lat' dir='ltr'><strong>et</strong></span> <span class='ocrx_word' id='word_1_204' title='bbox 1142 2931 1334 3018; x_wconf 85' lang='lat' dir='ltr'><strong>Apostoliee</strong></span> <span class='ocrx_word' id='word_1_205' title='bbox 1350 2929 1452 2996; x_wconf 82' lang='lat' dir='ltr'><strong>Sedis</strong></span> 
     </span>
     <span class='ocr_line' id='line_1_26' title="bbox 322 3034 1453 3126; baseline 0.004 -27"><span class='ocrx_word' id='word_1_206' title='bbox 322 3034 511 3101; x_wconf 84' lang='lat' dir='ltr'><strong>reuerentia</strong></span> <span class='ocrx_word' id='word_1_207' title='bbox 535 3043 737 3121; x_wconf 87' lang='lat' dir='ltr'><strong>perseveret.</strong></span> <span class='ocrx_word' id='word_1_208' title='bbox 755 3037 797 3105; x_wconf 80' lang='lat' dir='ltr'><strong>Et</strong></span> <span class='ocrx_word' id='word_1_209' title='bbox 812 3037 898 3104; x_wconf 92' lang='lat' dir='ltr'><strong>inter</strong></span> <span class='ocrx_word' id='word_1_210' title='bbox 915 3046 1034 3125; x_wconf 88' lang='lat' dir='ltr'><strong>cetera,</strong></span> <span class='ocrx_word' id='word_1_211' title='bbox 1061 3061 1123 3126; x_wconf 89' lang='lat' dir='ltr'><strong>que</strong></span> <span class='ocrx_word' id='word_1_212' title='bbox 1138 3041 1262 3110; x_wconf 88' lang='lat' dir='ltr'><strong>nostris</strong></span> <span class='ocrx_word' id='word_1_213' title='bbox 1279 3037 1453 3108; x_wconf 89' lang='lat' dir='ltr'><strong>obtulibus</strong></span> 
     </span>
     <span class='ocr_line' id='line_1_27' title="bbox 322 3145 1453 3236; baseline 0.005 -25"><span class='ocrx_word' id='word_1_214' title='bbox 322 3152 541 3229; x_wconf 89' lang='lat' dir='ltr'><strong>occurrerunt,</strong></span> <span class='ocrx_word' id='word_1_215' title='bbox 552 3145 754 3231; x_wconf 89' lang='lat' dir='ltr'><strong>providimus</strong></span> <span class='ocrx_word' id='word_1_216' title='bbox 774 3148 897 3216; x_wconf 90' lang='lat' dir='ltr'><strong>habere</strong></span> <span class='ocrx_word' id='word_1_217' title='bbox 913 3167 1103 3236; x_wconf 89' lang='lat' dir='ltr'><strong>personam,</strong></span> <span class='ocrx_word' id='word_1_218' title='bbox 1120 3169 1179 3236; x_wconf 91' lang='lat' dir='ltr'><strong>per</strong></span> <span class='ocrx_word' id='word_1_219' title='bbox 1195 3151 1287 3219; x_wconf 87' lang='lat' dir='ltr'><strong>cuius</strong></span> <span class='ocrx_word' id='word_1_220' title='bbox 1304 3149 1453 3217; x_wconf 86' lang='lat' dir='ltr'><strong>ministe-</strong></span> 
     </span>
     <span class='ocr_line' id='line_1_28' title="bbox 323 3249 1452 3328; baseline 0.006 -12"><span class='ocrx_word' id='word_1_221' title='bbox 323 3249 407 3316; x_wconf 91' lang='lat' dir='ltr'><strong>rinm</strong></span> <span class='ocrx_word' id='word_1_222' title='bbox 423 3257 457 3319; x_wconf 93' lang='lat' dir='ltr'><strong>et</strong></span> <span class='ocrx_word' id='word_1_223' title='bbox 480 3251 709 3323; x_wconf 88' lang='lat' dir='ltr'><strong>sollicitudinis</strong></span> <span class='ocrx_word' id='word_1_224' title='bbox 735 3257 877 3324; x_wconf 91' lang='lat' dir='ltr'><strong>studium</strong></span> <span class='ocrx_word' id='word_1_225' title='bbox 903 3260 948 3326; x_wconf 91' lang='lat' dir='ltr'><strong>ad</strong></span> <span class='ocrx_word' id='word_1_226' title='bbox 964 3269 1108 3327; x_wconf 87' lang='lat' dir='ltr'><strong>nostram</strong></span> <span class='ocrx_word' id='word_1_227' title='bbox 1126 3269 1158 3328; x_wconf 89' lang='lat' dir='ltr'><strong>et</strong></span> <span class='ocrx_word' id='word_1_228' title='bbox 1184 3258 1281 3328; x_wconf 85' lang='lat' dir='ltr'><strong>Sedis</strong></span> <span class='ocrx_word' id='word_1_229' title='bbox 1300 3258 1452 3326; x_wconf 89' lang='lat' dir='ltr'><strong>ciusdem</strong></span> 
     </span>
     <span class='ocr_line' id='line_1_29' title="bbox 321 3353 1454 3453; baseline 0.007 -31"><span class='ocrx_word' id='word_1_230' title='bbox 321 3353 526 3426; x_wconf 84' lang='lat' dir='ltr'><strong>deducantur</strong></span> <span class='ocrx_word' id='word_1_231' title='bbox 541 3361 694 3431; x_wconf 88' lang='lat' dir='ltr'><strong>noticiam</strong></span> <span class='ocrx_word' id='word_1_232' title='bbox 711 3364 817 3450; x_wconf 89' lang='lat' dir='ltr'><strong>Regni</strong></span> <span class='ocrx_word' id='word_1_233' title='bbox 834 3365 982 3434; x_wconf 89' lang='lat' dir='ltr'><strong>eiusdem</strong></span> <span class='ocrx_word' id='word_1_234' title='bbox 1001 3367 1215 3453; x_wconf 87' lang='lat' dir='ltr'><strong>conditiones,</strong></span> <span class='ocrx_word' id='word_1_235' title='bbox 1232 3374 1266 3436; x_wconf 91' lang='lat' dir='ltr'><strong>et</strong></span> <span class='ocrx_word' id='word_1_236' title='bbox 1282 3373 1400 3449; x_wconf 89' lang='lat' dir='ltr'><strong>status,</strong></span> <span class='ocrx_word' id='word_1_237' title='bbox 1416 3374 1454 3430; x_wconf 90' lang='lat' dir='ltr'><strong>et</strong></span> 
     </span>
     <span class='ocr_line' id='line_1_30' title="bbox 322 3463 1450 3562; baseline 0.012 -33"><span class='ocrx_word' id='word_1_238' title='bbox 322 3463 466 3550; x_wconf 83' lang='lat' dir='ltr'><strong>qualitas</strong></span> <span class='ocrx_word' id='word_1_239' title='bbox 477 3469 647 3555; x_wconf 91' lang='lat' dir='ltr'><strong>maiorum,</strong></span> <span class='ocrx_word' id='word_1_240' title='bbox 664 3473 861 3540; x_wconf 89' lang='lat' dir='ltr'><strong>mediocrum</strong></span> <span class='ocrx_word' id='word_1_241' title='bbox 878 3483 912 3542; x_wconf 90' lang='lat' dir='ltr'><strong>et</strong></span> <span class='ocrx_word' id='word_1_242' title='bbox 927 3495 1099 3562; x_wconf 84' lang='lat' dir='ltr'><strong>parvorum</strong></span> <span class='ocrx_word' id='word_1_243' title='bbox 1116 3476 1332 3545; x_wconf 88' lang='lat' dir='ltr'><strong>residentium</strong></span> <span class='ocrx_word' id='word_1_244' title='bbox 1348 3477 1383 3542; x_wconf 91' lang='lat' dir='ltr'><strong>iu</strong></span> <span class='ocrx_word' id='word_1_245' title='bbox 1393 3493 1450 3542; x_wconf 90' lang='lat' dir='ltr'><strong>eo·</strong></span> 
     </span>
     <span class='ocr_line' id='line_1_31' title="bbox 319 3569 1451 3670; baseline 0.01 -33"><span class='ocrx_word' id='word_1_246' title='bbox 319 3569 406 3659; x_wconf 92' lang='lat' dir='ltr'><strong>dem,</strong></span> <span class='ocrx_word' id='word_1_247' title='bbox 423 3577 653 3661; x_wconf 90' lang='lat' dir='ltr'><strong>cuiuscumque</strong></span> <span class='ocrx_word' id='word_1_248' title='bbox 669 3582 853 3670; x_wconf 89' lang='lat' dir='ltr'><strong>eminentie,</strong></span> <span class='ocrx_word' id='word_1_249' title='bbox 871 3583 996 3652; x_wconf 87' lang='lat' dir='ltr'><strong>ordinis</strong></span> <span class='ocrx_word' id='word_1_250' title='bbox 1013 3593 1046 3653; x_wconf 92' lang='lat' dir='ltr'><strong>et</strong></span> <span class='ocrx_word' id='word_1_251' title='bbox 1063 3586 1263 3654; x_wconf 91' lang='lat' dir='ltr'><strong>conditionis</strong></span> <span class='ocrx_word' id='word_1_252' title='bbox 1289 3585 1451 3667; x_wconf 82' lang='lat' dir='ltr'><strong>existant,</strong></span> 
     </span>
     <span class='ocr_line' id='line_1_32' title="bbox 320 3683 1451 3783; baseline 0.012 -39"><span class='ocrx_word' id='word_1_253' title='bbox 320 3686 356 3746; x_wconf 93' lang='lat' dir='ltr'><strong>ut</strong></span> <span class='ocrx_word' id='word_1_254' title='bbox 370 3683 470 3768; x_wconf 88' lang='lat' dir='ltr'><strong>mala,</strong></span> <span class='ocrx_word' id='word_1_255' title='bbox 488 3692 612 3767; x_wconf 91' lang='lat' dir='ltr'><strong>quanto</strong></span> <span class='ocrx_word' id='word_1_256' title='bbox 623 3685 745 3754; x_wconf 87' lang='lat' dir='ltr'><strong>luerint</strong></span> <span class='ocrx_word' id='word_1_257' title='bbox 755 3693 896 3775; x_wconf 89' lang='lat' dir='ltr'><strong>notiora,</strong></span> <span class='ocrx_word' id='word_1_258' title='bbox 912 3700 1004 3763; x_wconf 91' lang='lat' dir='ltr'><strong>tanto</strong></span> <span class='ocrx_word' id='word_1_259' title='bbox 1020 3695 1184 3783; x_wconf 87' lang='lat' dir='ltr'><strong>possimus</strong></span> <span class='ocrx_word' id='word_1_260' title='bbox 1201 3694 1362 3762; x_wconf 84' lang='lat' dir='ltr'><strong>efficatius</strong></span> <span class='ocrx_word' id='word_1_261' title='bbox 1378 3693 1451 3759; x_wconf 84' lang='lat' dir='ltr'><strong>eui-</strong></span> 
     </span>
     <span class='ocr_line' id='line_1_33' title="bbox 319 3789 1448 3889; baseline 0.012 -36"><span class='ocrx_word' id='word_1_262' title='bbox 319 3792 401 3871; x_wconf 89' lang='lat' dir='ltr'><strong>tare,</strong></span> <span class='ocrx_word' id='word_1_263' title='bbox 417 3789 512 3860; x_wconf 92' lang='lat' dir='ltr'><strong>bouis</strong></span> <span class='ocrx_word' id='word_1_264' title='bbox 529 3794 650 3863; x_wconf 86' lang='lat' dir='ltr'><strong>addere</strong></span> <span class='ocrx_word' id='word_1_265' title='bbox 666 3796 898 3888; x_wconf 86' lang='lat' dir='ltr'><strong>fulcimentum,</strong></span> <span class='ocrx_word' id='word_1_266' title='bbox 910 3809 943 3868; x_wconf 92' lang='lat' dir='ltr'><strong>et</strong></span> <span class='ocrx_word' id='word_1_267' title='bbox 954 3804 1072 3870; x_wconf 89' lang='lat' dir='ltr'><strong>eadem</strong></span> <span class='ocrx_word' id='word_1_268' title='bbox 1084 3804 1224 3889; x_wconf 88' lang='lat' dir='ltr'><strong>amplius</strong></span> <span class='ocrx_word' id='word_1_269' title='bbox 1234 3821 1448 3888; x_wconf 76' lang='lat' dir='ltr'><strong>promovere3</strong></span> 
     </span>
     <span class='ocr_line' id='line_1_34' title="bbox 320 3896 1451 3996; baseline 0.012 -36"><span class='ocrx_word' id='word_1_270' title='bbox 320 3901 354 3962; x_wconf 90' lang='lat' dir='ltr'><strong>et</strong></span> <span class='ocrx_word' id='word_1_271' title='bbox 368 3896 568 3980; x_wconf 88' lang='lat' dir='ltr'><strong>aspicientes</strong></span> <span class='ocrx_word' id='word_1_272' title='bbox 586 3903 619 3969; x_wconf 96' lang='lat' dir='ltr'><strong>in</strong></span> <span class='ocrx_word' id='word_1_273' title='bbox 635 3905 737 3990; x_wconf 90' lang='lat' dir='ltr'><strong>illum,</strong></span> <span class='ocrx_word' id='word_1_274' title='bbox 754 3909 809 3991; x_wconf 91' lang='lat' dir='ltr'><strong>qui</strong></span> <span class='ocrx_word' id='word_1_275' title='bbox 836 3917 998 3996; x_wconf 90' lang='lat' dir='ltr'><strong>perpetua</strong></span> <span class='ocrx_word' id='word_1_276' title='bbox 1013 3911 1168 3979; x_wconf 91' lang='lat' dir='ltr'><strong>mundum</strong></span> <span class='ocrx_word' id='word_1_277' title='bbox 1184 3911 1313 3980; x_wconf 88' lang='lat' dir='ltr'><strong>ratione</strong></span> <span class='ocrx_word' id='word_1_278' title='bbox 1329 3910 1451 3996; x_wconf 89' lang='lat' dir='ltr'><strong>guber·</strong></span> 
     </span>
     <span class='ocr_line' id='line_1_35' title="bbox 318 4009 1450 4107; baseline 0.016 -39"><span class='ocrx_word' id='word_1_279' title='bbox 318 4009 386 4086; x_wconf 85' lang='lat' dir='ltr'><strong>nat,</strong></span> <span class='ocrx_word' id='word_1_280' title='bbox 402 4009 563 4076; x_wconf 91' lang='lat' dir='ltr'><strong>terrarum</strong></span> <span class='ocrx_word' id='word_1_281' title='bbox 579 4013 709 4098; x_wconf 89' lang='lat' dir='ltr'><strong>celique</strong></span> <span class='ocrx_word' id='word_1_282' title='bbox 726 4021 825 4096; x_wconf 86' lang='lat' dir='ltr'><strong>sator,</strong></span> <span class='ocrx_word' id='word_1_283' title='bbox 842 4017 898 4100; x_wconf 93' lang='lat' dir='ltr'><strong>qui</strong></span> <span class='ocrx_word' id='word_1_284' title='bbox 914 4025 1042 4107; x_wconf 90' lang='lat' dir='ltr'><strong>tempus</strong></span> <span class='ocrx_word' id='word_1_285' title='bbox 1059 4021 1102 4088; x_wconf 88' lang='lat' dir='ltr'><strong>ub</strong></span> <span class='ocrx_word' id='word_1_286' title='bbox 1120 4039 1180 4086; x_wconf 89' lang='lat' dir='ltr'><strong>evo</strong></span> <span class='ocrx_word' id='word_1_287' title='bbox 1197 4020 1245 4089; x_wconf 91' lang='lat' dir='ltr'><strong>ire</strong></span> <span class='ocrx_word' id='word_1_288' title='bbox 1260 4020 1362 4102; x_wconf 88' lang='lat' dir='ltr'><strong>iubet,</strong></span> <span class='ocrx_word' id='word_1_289' title='bbox 1380 4026 1450 4086; x_wconf 88' lang='lat' dir='ltr'><strong>sta-</strong></span> 
     </span>
     <span class='ocr_line' id='line_1_36' title="bbox 318 4107 1448 4213; baseline 0.017 -38"><span class='ocrx_word' id='word_1_290' title='bbox 318 4107 459 4196; x_wconf 92' lang='lat' dir='ltr'><strong>bilisque</strong></span> <span class='ocrx_word' id='word_1_291' title='bbox 469 4135 607 4188; x_wconf 87' lang='lat' dir='ltr'><strong>manens</strong></span> <span class='ocrx_word' id='word_1_292' title='bbox 618 4122 677 4188; x_wconf 90' lang='lat' dir='ltr'><strong>dat</strong></span> <span class='ocrx_word' id='word_1_293' title='bbox 693 4127 954 4213; x_wconf 88' lang='lat' dir='ltr'><strong>cunctamoveri,</strong></span> <span class='ocrx_word' id='word_1_294' title='bbox 972 4129 1151 4197; x_wconf 92' lang='lat' dir='ltr'><strong>secundum</strong></span> <span class='ocrx_word' id='word_1_295' title='bbox 1163 4127 1448 4196; x_wconf 87' lang='lat' dir='ltr'><strong>ordinatissimam</strong></span> 
     </span>
     <span class='ocr_line' id='line_1_37' title="bbox 316 4217 1449 4323; baseline 0.012 -35"><span class='ocrx_word' id='word_1_296' title='bbox 316 4217 567 4307; x_wconf 76' lang='lat' dir='ltr'><strong>dispositionem</strong></span> <span class='ocrx_word' id='word_1_297' title='bbox 591 4238 774 4316; x_wconf 88' lang='lat' dir='ltr'><strong>temporum</strong></span> <span class='ocrx_word' id='word_1_298' title='bbox 798 4233 887 4304; x_wconf 92' lang='lat' dir='ltr'><strong>solus</strong></span> <span class='ocrx_word' id='word_1_299' title='bbox 907 4238 998 4304; x_wconf 83' lang='lat' dir='ltr'><strong>novit</strong></span> <span class='ocrx_word' id='word_1_300' title='bbox 1025 4238 1180 4306; x_wconf 88' lang='lat' dir='ltr'><strong>exhibere</strong></span> <span class='ocrx_word' id='word_1_301' title='bbox 1206 4242 1449 4323; x_wconf 87' lang='lat' dir='ltr'><strong>congruentem</strong></span> 
     </span>
     <span class='ocr_line' id='line_1_38' title="bbox 316 4323 1449 4432; baseline 0.017 -39"><span class='ocrx_word' id='word_1_302' title='bbox 316 4323 460 4400; x_wconf 89' lang='lat' dir='ltr'><strong>humano</strong></span> <span class='ocrx_word' id='word_1_303' title='bbox 476 4337 591 4416; x_wconf 90' lang='lat' dir='ltr'><strong>generi</strong></span> <span class='ocrx_word' id='word_1_304' title='bbox 616 4339 835 4428; x_wconf 67' lang='lat' dir='ltr'><strong>medicinam</strong></span> <span class='ocrx_word' id='word_1_305' title='bbox 862 4345 1063 4431; x_wconf 87' lang='lat' dir='ltr'><strong>presentium</strong></span> <span class='ocrx_word' id='word_1_306' title='bbox 1080 4353 1264 4432; x_wconf 90' lang='lat' dir='ltr'><strong>temporum</strong></span> <span class='ocrx_word' id='word_1_307' title='bbox 1282 4347 1449 4431; x_wconf 88' lang='lat' dir='ltr'><strong>qualitate</strong></span> 
     </span>
     <span class='ocr_line' id='line_1_39' title="bbox 316 4437 1449 4528; baseline 0.016 -26"><span class='ocrx_word' id='word_1_308' title='bbox 316 4441 350 4502; x_wconf 89' lang='lat' dir='ltr'><strong>ct</strong></span> <span class='ocrx_word' id='word_1_309' title='bbox 365 4437 526 4521; x_wconf 87' lang='lat' dir='ltr'><strong>sepedicti</strong></span> <span class='ocrx_word' id='word_1_310' title='bbox 541 4444 646 4528; x_wconf 90' lang='lat' dir='ltr'><strong>Regni</strong></span> <span class='ocrx_word' id='word_1_311' title='bbox 672 4449 813 4517; x_wconf 84' lang='lat' dir='ltr'><strong>dirersis</strong></span> <span class='ocrx_word' id='word_1_312' title='bbox 839 4452 1096 4521; x_wconf 85' lang='lat' dir='ltr'><strong>circumstantiis</strong></span> <span class='ocrx_word' id='word_1_313' title='bbox 1112 4456 1146 4521; x_wconf 93' lang='lat' dir='ltr'><strong>in</strong></span> <span class='ocrx_word' id='word_1_314' title='bbox 1161 4458 1293 4525; x_wconf 89' lang='lat' dir='ltr'><strong>lancem</strong></span> <span class='ocrx_word' id='word_1_315' title='bbox 1318 4462 1449 4522; x_wconf 89' lang='lat' dir='ltr'><strong>mature</strong></span> 
     </span>
     <span class='ocr_line' id='line_1_40' title="bbox 317 4543 1448 4649; baseline 0.019 -39"><span class='ocrx_word' id='word_1_316' title='bbox 317 4543 592 4621; x_wconf 88' lang='lat' dir='ltr'><strong>considerationis</strong></span> <span class='ocrx_word' id='word_1_317' title='bbox 609 4553 772 4643; x_wconf 90' lang='lat' dir='ltr'><strong>adductis,</strong></span> <span class='ocrx_word' id='word_1_318' title='bbox 789 4561 971 4646; x_wconf 84' lang='lat' dir='ltr'><strong>expediens</strong></span> <span class='ocrx_word' id='word_1_319' title='bbox 995 4561 1065 4631; x_wconf 90' lang='lat' dir='ltr'><strong>lore</strong></span> <span class='ocrx_word' id='word_1_320' title='bbox 1081 4563 1242 4649; x_wconf 81' lang='lat' dir='ltr'><strong>videmus,</strong></span> <span class='ocrx_word' id='word_1_321' title='bbox 1259 4563 1348 4648; x_wconf 87' lang='lat' dir='ltr'><strong>quod</strong></span> <span class='ocrx_word' id='word_1_322' title='bbox 1363 4564 1448 4634; x_wconf 84' lang='lat' dir='ltr'><strong>Stri-</strong></span> 
     </span>
    </p>
   </div>
   <div class='ocr_carea' id='block_1_3' title="bbox 0 0 1552 5168">
    <p class='ocr_par' dir='ltr' id='par_1_3' title="bbox 0 0 1552 5168">
     <span class='ocr_line' id='line_1_41' title="bbox 0 0 1552 5168; baseline 0 2"><span class='ocrx_word' id='word_1_323' title='bbox 0 0 1552 5168; x_wconf 95' lang='lat' dir='ltr'><strong> </strong></span> 
     </span>
    </p>
   </div>
  </div>
 </body>
</html>
