3072 5168
837 279 991 390 .-.1²12

353 487 457 556 sessio
473 482 680 566 attinuisset,
704 487 737 546 ct
753 480 795 546 ab
811 477 892 564 ipsis
908 477 1025 544 fuisset
1040 479 1204 562 alienata,
1229 481 1263 548 in
1279 483 1382 549 nostri
1396 503 1456 570 pre-

353 595 464 664 sencis
479 611 538 679 per
553 591 645 678 ipsos
662 590 705 654 ab
722 589 794 674 ipso
812 587 960 671 Nicolao,
977 589 1119 674 receptis
1130 587 1360 658 nichilominus
1376 610 1461 660 sexa-

355 705 448 790 ginta
463 701 596 782 marcis,
613 701 719 784 ipsam
735 697 979 782 possessionem
1005 697 1137 780 prelato
1156 697 1307 784 Nycolac
1325 721 1365 767 ex
1382 701 1460 768 hona
1507 700 1514 788 l

354 830 465 877 eornm
481 808 660 890 uoluntate,
678 813 711 872 et
726 805 794 870 suis
809 803 996 886 heredibus,
1015 801 1236 892 heredumque
1255 827 1383 874 suorum
1399 829 1460 877 suc·

355 918 540 990 censoribus
555 923 712 1005 perpetuo
729 913 964 999 possidendam
981 933 1053 979 cnm
1070 914 1136 981 suis
1157 916 1306 985 omnibns
1323 918 1460 986 utilitati-

354 1033 414 1098 bus
430 1035 463 1095 et
481 1025 694 1112 pertinenciis
711 1029 893 1092 statuerunt
908 1025 1006 1109 pleno
1025 1025 1105 1111 iure,
1122 1031 1219 1112 prout
1234 1046 1273 1092 ex
1290 1027 1460 1096 donacione

354 1137 524 1205 memorati
549 1133 669 1200 domini
686 1132 844 1218 Stephani
860 1131 962 1216 Regis
975 1131 1173 1200 dinnoscitur
1191 1135 1390 1222 possedisse,
1415 1156 1460 1202 ne-

356 1246 443 1312 mine
459 1240 712 1323 contradicente,
730 1241 894 1307 submotis
911 1247 944 1306 et
960 1239 1106 1307 terminis
1123 1241 1352 1326 infrascriptis,
1369 1264 1409 1310 ex
1424 1251 1461 1310 te·

356 1373 434 1421 nore
450 1349 586 1438 predicti
612 1347 778 1434 priuilegii
799 1347 880 1415 dieti
905 1349 1027 1416 domini
1052 1349 1212 1435 Stephani
1237 1353 1338 1435 Regis
1364 1361 1461 1419 exba-

356 1461 417 1530 ctis
433 1467 466 1529 ct
479 1459 656 1544 rescriptis.
672 1457 817 1536 Quarum
840 1457 945 1544 prima
960 1458 1085 1543 incipit,
1110 1457 1186 1526 dum
1206 1459 1348 1526 exiretur
1363 1462 1405 1528 de
1417 1459 1462 1526 llu-

356 1571 410 1640 uio
420 1571 578 1638 Borsuaa
596 1575 689 1654 parte
704 1564 794 1633 dnuii
810 1565 994 1650 Pusunoha,
1010 1564 1065 1632 ubi
1091 1573 1261 1652 separator
1277 1589 1299 1634 a
1314 1569 1421 1656 Bercg
1437 1577 1464 1638 et

357 1677 545 1764 adiungitur
554 1675 756 1762 possessioni
766 1673 883 1760 Regali
893 1671 1002 1742 Ordou
1013 1681 1148 1760 uocate;
1165 1674 1285 1743 deinde
1294 1697 1354 1761 per
1370 1677 1462 1763 ipsun

355 1787 488 1858 fluuium
505 1783 664 1852 currendo
681 1783 714 1849 in
729 1781 914 1849 inferiorem
940 1789 1063 1868 partem
1090 1783 1181 1851 cadit
1204 1784 1238 1850 in
1254 1782 1389 1852 fluuium
1412 1785 1462 1853 Be-

356 1895 471 1978 herke,
488 1899 521 1960 et
535 1912 595 1980 per
611 1893 717 1977 ipsum
732 1889 864 1958 fluuium
879 1889 1016 1958 interius
1034 1891 1143 1959 eundo
1163 1896 1314 1978 peruenit
1331 1895 1374 1960 ad
1392 1895 1463 1962 duos

356 2002 473 2071 fluuios
490 1998 706 2084 Kethcbenge
724 2005 880 2080 uocatos;
897 1997 1047 2065 exeundo
1057 2005 1167 2066 autem
1184 2001 1302 2069 deinde
1318 2012 1395 2069 sunt
1411 2004 1463 2070 duc

358 2119 445 2181 mete
460 2119 583 2194 terree;
610 2115 642 2174 et
659 2107 701 2174 ab
717 2105 792 2172 hinc
818 2107 924 2189 uergit
940 2105 985 2173 ad
1000 2108 1178 2194 orientem,
1204 2115 1237 2174 et
1261 2111 1412 2195 peruenit
1428 2112 1463 2178 ad

360 2223 515 2289 minorem
531 2219 664 2286 fluuium
687 2217 829 2300 (lhange,
846 2218 902 2284 ubl
921 2218 994 2303 ipse
1009 2218 1127 2286 fluuius
1153 2221 1329 2308 transitnr;
1357 2223 1464 2288 abhinc

359 2327 528 2417 pergendo
544 2329 608 2394 itur
624 2345 685 2412 per
702 2327 906 2412 superiorem
924 2333 1053 2412 partem
1070 2327 1155 2396 silue
1170 2329 1244 2412 Bylu
1268 2329 1391 2398 dictam
1407 2349 1464 2396 ner·

360 2458 416 2507 sus
432 2437 601 2519 orientem,
618 2433 673 2500 ubi
690 2435 878 2516 peruenitur
888 2435 933 2502 ad
949 2434 1110 2520 quendam
1120 2445 1275 2520 muntem,
1291 2443 1325 2501 et
1338 2439 1386 2502 ibi
1401 2443 1465 2504 sunt

359 2548 394 2615 in
410 2561 569 2612 asscensu
586 2542 738 2610 eiusdem
755 2543 878 2612 mentis
894 2544 958 2611 due
973 2549 1059 2610 mete
1074 2550 1200 2632 terree;
1227 2545 1346 2612 deinde
1362 2567 1462 2632 parum

360 2650 528 2744 pergendo
544 2649 695 2738 peruenit
709 2651 755 2717 ad
771 2650 869 2736 ulam,
886 2671 950 2736 que
966 2653 1127 2722 Warutha
1137 2653 1272 2742 dicitur;
1290 2655 1408 2721 exinde
1418 2675 1463 2719 na-

361 2765 410 2831 dit
425 2762 470 2830 ad
495 2761 626 2849 syluam
649 2759 867 2848 Kerezthbylr
883 2761 1023 2844 dietam,
1049 2781 1146 2844 quam
1171 2763 1288 2830 mansit
1312 2765 1416 2829 eundo
1430 2757 1464 2826 ad

360 2876 487 2960 partem
502 2867 767 2954 meridionalem,
794 2868 915 2935 abhinc
932 2869 1025 2935 uadit
1041 2869 1086 2936 ad
1111 2870 1276 2955 quendam
1298 2873 1404 2938 locum
1417 2867 1464 2932 llu-

360 2982 416 3067 uij,
434 2978 489 3064 qui
499 2977 761 3046 Ilounnkcurene
771 2977 969 3065 appellatur,
982 2977 1037 3044 ubi
1048 2976 1226 3046 inintroitu
1243 2979 1327 3045 silue
1337 2977 1464 3047 Ilounul

361 3093 435 3157 sunt
450 3085 514 3156 due
537 3091 624 3152 mete
649 3093 774 3170 terreo,
800 3085 923 3154 abhinc
948 3104 1027 3174 uero
1044 3088 1163 3154 hausit
1187 3087 1231 3154 ad
1255 3089 1363 3155 locum
1380 3086 1464 3173 Fyle·

361 3196 484 3265 lucbka
499 3195 642 3278 dictum,
668 3201 701 3283 et
719 3193 826 3280 ipsum
843 3196 951 3262 locum
967 3189 1170 3263 transeundo
1195 3199 1260 3263 itur
1274 3198 1319 3263 ad
1343 3193 1465 3261 fluuium

360 3305 467 3372 Belua
481 3307 651 3386 uocatum
669 3302 790 3370 deinde
807 3304 900 3371 uadit
915 3303 959 3370 ad
976 3301 1260 3390 Ohakanegesolra
1269 3354 1279 3390 ,
1308 3309 1341 3370 et
1357 3303 1465 3372 abhinc

361 3415 425 3481 itur
441 3413 483 3479 ad
498 3415 625 3498 partem
640 3411 899 3496 meridionalem,
915 3409 971 3478 ubi
987 3417 1195 3498 separatura
1212 3419 1302 3480 terra
1317 3409 1424 3480 Ordou
1438 3415 1465 3477 el

362 3517 551 3606 adiungitur
575 3527 661 3587 terre
678 3518 882 3604 Werhcuch;
909 3529 941 3586 et
956 3520 1077 3588 exinde
1101 3520 1313 3606 procedendo
1329 3517 1465 3606 peruenit

362 3630 407 3698 ad
420 3635 574 3715 stagnum
589 3629 819 3698 Kendurattou
840 3637 1003 3712 uocatum,
1020 3629 1076 3696 ubi
1093 3636 1173 3698 sunt
1189 3630 1254 3696 dne
1270 3635 1357 3723 mete
1372 3637 1466 3696 terres

362 3743 495 3826 aparte
519 3738 733 3827 occidentali5
760 3738 880 3807 abhinc
905 3738 999 3807 uadit
1017 3738 1062 3806 ad
1078 3737 1186 3826 uiam,
1209 3756 1271 3824 que
1297 3739 1341 3806 de
1365 3737 1466 3804 cadem

362 3845 444 3914 villa
469 3845 720 3932 Felucteupctolr
736 3847 845 3930 uenit,
870 3846 927 3913 ubi
949 3847 1139 3932 adiungitur
1166 3846 1254 3914 lacui
1278 3842 1464 3931 Alcalpotolr

364 3953 461 4038 dicti,
483 3955 539 4036 qui
565 3953 655 4020 cadit
678 3955 713 4021 in
728 3955 864 4022 fluuium
889 3954 1092 4036 Werbcuch,
1109 3953 1151 4020 de
1168 3973 1234 4037 quo
1249 3953 1349 4020 fluuio
1364 3972 1464 4040 parum

364 4061 470 4130 eundo
486 4069 659 4146 separatur
685 4071 809 4131 eterra
825 4061 1018 4145 Wsrbcoch,
1037 4069 1069 4128 et
1088 4061 1278 4146 adiungitur
1292 4068 1378 4130 terre
1393 4063 1465 4134 hou,

364 4169 406 4238 de
421 4190 487 4254 qua
503 4167 536 4236 in
549 4171 682 4256 pascuis
707 4172 875 4258 pergendo
900 4170 992 4238 uadit
1012 4187 1125 4236 uersus
1142 4169 1340 4254 aquilonem,
1358 4177 1390 4238 et
1404 4187 1464 4255 per·

365 4279 453 4346 uenit
469 4277 513 4347 ad
527 4279 660 4346 fluuium
676 4280 778 4347 Zalua
794 4280 943 4368 uomine;
970 4277 1089 4346 exinde
1104 4297 1182 4347 nero
1195 4278 1240 4346 ad
1255 4285 1383 4365 partem
1397 4277 1465 4344 inle-

366 4385 485 4453 riorem
494 4406 598 4470 usque
608 4395 760 4474 stagnum
770 4389 895 4456 Preces
913 4385 1035 4456 dictum
1052 4385 1159 4456 eundo
1169 4387 1288 4454 transit
1304 4389 1348 4455 ad
1362 4397 1467 4456 terrm

367 4497 502 4566 Koaaou
517 4493 652 4574 dicum,
668 4503 791 4580 quaest
801 4496 968 4582 possessio
978 4494 1131 4582 Regalis,
1148 4499 1182 4560 et
1196 4492 1239 4562 ab
1255 4495 1369 4562 eadem
1383 4501 1465 4580 parte

365 4601 529 4685 aquilonis
544 4605 692 4690 peruenit
716 4607 760 4673 ad
775 4606 883 4674 laeum
907 4605 1018 4676 Ateab
1034 4605 1167 4690 dictum,
1186 4610 1220 4672 et
1234 4623 1293 4690 per
1308 4604 1409 4690 ipsum
1422 4605 1462 4670 la·
