3094 5168
877 213 1029 320 ‘EQ

392 431 438 499 lai
464 432 557 518 Gncg
581 429 709 516 college
733 429 858 510 nostri,
883 429 912 496 si
928 428 1064 498 eundem
1081 429 1168 500 idem
1196 435 1290 517 pater
1308 426 1480 502 venerabilis
1543 453 1544 504 ξ

392 538 645 628 vesprimiensis
662 537 845 627 Episcopus
855 543 1012 624 nuquam
1027 560 1088 628 pro
1107 558 1168 608 sua
1184 545 1279 626 purte
1290 540 1424 626 judicem
1437 539 1481 605 du·
1543 537 1544 540 ’

392 648 477 717 xcrit
492 645 745 735 producendum,
763 648 946 734 prorogetis
961 648 1007 716 ad
1017 649 1195 718 secundum
1211 647 1297 717 diem
1312 647 1403 718 Beati
1414 648 1482 716 Luco

391 756 614 842 ewangeliste
629 754 779 842 proxime
804 761 997 842 uenturum,
1023 757 1208 828 inhibentes
1233 755 1342 826 medic
1361 763 1480 842 tempore

393 866 590 935 austeritate
610 865 815 952 Apostolioa,
836 871 871 933 ct
887 871 999 933 nostre
1023 866 1250 937 nichilominus
1271 865 1482 952 Metropotitice

389 979 566 1060 potestate,
582 971 690 1042 eidem
703 971 789 1059 patri
800 973 991 1060 venerabili,
1003 981 1037 1043 ct
1052 974 1237 1044 Andronico
1254 971 1417 1062 Proposito
1430 977 1480 1040 Vc·

390 1081 853 1170 sprimicnsi,achrn1eno
879 1082 997 1152 comiti
1013 1084 1077 1152 ciui
1103 1084 1146 1150 de
1172 1083 1289 1154 castro
1305 1083 1483 1163 Budensi,ct
1544 1103 1545 1176 ι

392 1191 469 1260 aliis
494 1189 694 1276 generaliter
719 1192 987 1280 quibuscunque,
1013 1214 1054 1262 ne
1080 1213 1138 1280 per
1163 1192 1244 1260 tacti
1269 1193 1444 1278 potenciam
1458 1212 1484 1258 se
1544 1179 1545 1192 ³

390 1300 568 1368 immittant
583 1299 628 1366 au
643 1299 789 1369 decimes
804 1300 1013 1388 occupandas
1037 1301 1124 1372 intra
1149 1301 1347 1370 territorium
1363 1301 1484 1370 ciuitatis

390 1409 478 1480 dicte
495 1409 661 1478 Budensis
676 1409 710 1478 in
726 1409 874 1496 frugibus
890 1414 944 1480 uel
959 1413 992 1479 in
1008 1411 1095 1493 vino,
1112 1411 1197 1480 sicut
1212 1411 1371 1480 haetenus
1386 1410 1485 1478 nudius

389 1517 511 1586 tercius
526 1516 758 1586 miserabiliter
773 1525 808 1586 et
822 1519 950 1586 notorie
965 1519 998 1584 in
1014 1519 1185 1604 premissis
1201 1525 1316 1589 contra
1330 1515 1430 1602 ipsam
1439 1519 1487 1585 Bu·

390 1625 524 1692 denscm
541 1625 725 1696 Ecclesiam
740 1644 799 1713 per
825 1625 905 1692 tacti
920 1625 1104 1712 potenciam
1121 1625 1200 1695 dicti
1218 1625 1383 1710 Propositi
1398 1631 1430 1692 et
1442 1627 1488 1695 (ta-

389 1733 481 1820 pituli
499 1732 657 1802 asseritur
682 1737 910 1819 acceptatum,
936 1733 1109 1818 presertim
1135 1733 1334 1803 comeciam
1359 1731 1490 1802 dominus
1545 1762 1546 1766 ¹

388 1849 500 1911 noster
515 1841 651 1911 Inclitus
677 1839 748 1910 Rex
772 1843 924 1910 Andreas
949 1842 1086 1929 prestita
1109 1839 1171 1909 tide
1187 1844 1220 1909 in
1235 1861 1352 1912 munus
1376 1851 1491 1912 norom
1545 1835 1546 1916 i

388 1952 576 2040 promiserit
591 1950 656 2040 ipsi
673 1949 815 2019 Budensi
840 1951 987 2018 Ecclesie
1002 1949 1124 2017 liberas
1144 1957 1177 2016 et
1193 1949 1333 2038 quietas,
1350 1953 1434 2020 sicru
1447 1971 1491 2020 an-

386 2061 522 2143 tiquitus
539 2058 678 2145 pacifice
705 2059 934 2144 possederunt
954 2059 1023 2125 Nos
1039 2059 1122 2127 enirn
1142 2058 1325 2128 huiusmodi
1339 2060 1492 2145 postulau-

385 2178 455 2253 tos,
487 2168 542 2252 qui
570 2186 653 2234 ausu
677 2167 840 2254 sacrilego
872 2165 1018 2252 prefatas
1044 2166 1257 2235 decimando
1288 2167 1369 2236 sacti
1393 2173 1493 2254 poten·

386 2279 439 2344 cia
464 2275 602 2344 ulterius
622 2275 881 2362 presumpserint
906 2293 1088 2362 occuparo,
1113 2275 1166 2344 uel
1192 2276 1225 2342 in
1250 2276 1360 2360 aliquo
1384 2283 1493 2363 pertur-

384 2391 471 2469 bare,
488 2385 685 2453 auctoritate
702 2383 945 2470 Metropolitica
956 2390 1030 2469 post
1040 2381 1296 2452 ammoniciones
1307 2383 1493 2470 multiplices

385 2492 734 2562 excommunicacionis
753 2492 882 2560 uinculo
902 2490 1117 2570 innodamus,
1137 2495 1171 2558 et
1185 2489 1321 2558 terimus
1340 2489 1386 2558 ab
1406 2490 1492 2557 omni·

388 2603 451 2672 bus
468 2601 577 2669 arcius
593 2601 721 2668 enitari.
746 2599 789 2666 Et
804 2601 865 2667 hoo
881 2599 968 2666 idem
987 2606 1099 2665 uestra
1125 2595 1299 2666 sinceritas
1314 2607 1492 2682 exequatur,

387 2717 423 2777 ut
438 2727 520 2796 quos
536 2706 648 2776 Diuini
665 2727 808 2776 oenones
824 2709 943 2774 amulo
959 2727 1022 2773 non
1038 2711 1204 2782 reuocant
1221 2703 1372 2773 Ecclesie
1388 2689 1492 2773 saliem

388 2817 562 2887 coherceat
579 2817 741 2884 seneritas
766 2815 969 2902 disciplinis,
986 2820 1085 2900 prout
1100 2813 1133 2879 in
1149 2813 1224 2882 aliis
1249 2813 1370 2881 litteris
1386 2814 1492 2880 nostris

384 2925 572 3015 putentibus
589 2925 778 2992 continetur.
794 2925 914 2993 Datum
931 2925 965 2990 in
985 2929 1093 2990 castro
1108 2925 1167 2992 sub
1183 2926 1294 2989 monte
1309 2921 1490 3009 Saug-Sum-

387 3036 442 3101 1ua
459 3033 493 3100 in
510 3031 690 3100 iestiuitate
700 3030 813 3101 Sancti
829 3031 930 3118 Regis
947 3030 1107 3119 Stephani
1122 3048 1208 3098 anno
1225 3029 1359 3098 Domini
1370 3030 1416 3094 Μ0
1431 3027 1490 3099 00⁰

386 3142 599 3230 nonagesimo
615 3148 719 3210 sexto.

417 3337 501 3410 (Imre
514 3337 685 3411 esntergami
705 3335 1349 3412 prepostnakugyauanonttrgybankiadctt
1369 3351 1460 3410 ugysu

593 3428 705 3486 laeoki
718 3426 926 3498 condolescunt,
942 3427 1012 3485 mint
1025 3426 1114 3486 cltub
1132 3429 1192 3488 105.
1205 3445 1246 3488 sn.
1256 3425 1296 3499 a.)

808 3725 1075 3744 Μ
