3072 5168
66 1163 100 1227 A
127 1163 284 1252 kirolytol
308 1165 467 1232 kikotdoo
491 1167 585 1232 birote
603 1167 860 1254 bizooyodqlevele
878 1191 899 1232 a
925 1169 1073 1256 Torooyo
1097 1167 1198 1235 tir-tot

269 1273 370 1340 irctnti
385 1273 570 1363 bordtertyoo
586 1274 782 1364 eqyeneequil.
799 1277 896 1345 1291.
912 1275 1013 1340 ko'mll.

182 1489 253 1558 llos
270 1491 437 1560 Renoldue
454 1489 622 1574 quondam
637 1489 807 1558 Palatinus
816 1541 825 1576 ,
847 1491 1004 1578 magister
1022 1491 1138 1558 Petrus
1152 1488 1198 1558 ‹li-

70 1607 149 1667 etus
167 1599 322 1678 Pethene,
343 1607 376 1668 et
386 1601 504 1670 Comes
515 1600 669 1684 Janobue,
678 1597 809 1684 judiees
824 1599 859 1666 in
869 1599 1036 1667 Comitetu
1052 1599 1093 1667 de
1109 1602 1200 1668 Zem-

69 1709 120 1774 lin
131 1727 193 1794 per
209 1707 374 1775 dominnm
390 1710 513 1793 Regem
530 1708 708 1792 constituti,
719 1709 834 1776 damus
852 1729 910 1794 pro
926 1709 1092 1794 memorio,
1113 1708 1200 1793 qnod

70 1817 233 1885 Johnrme
249 1815 315 1882 filio
330 1817 528 1902 Langenesi
540 1815 708 1884 Demetrio
723 1817 792 1884 lilio
809 1816 868 1904 Uz,
880 1838 921 1886 ao
938 1816 1018 1901 Uno,
1036 1816 1200 1902 Gregorio

74 1925 149 1992 filio
167 1927 301 2013 Remez,
318 1925 368 1996 Ur
384 1924 451 1994 lilio
477 1925 624 2012 Bolaeey
641 1925 683 1992 de
699 1924 859 2013 Tolohva,
876 1946 918 1994 ee
933 1927 1010 1994 eliie
1027 1927 1070 1993 de
1085 1925 1200 1992 eedem

74 2053 192 2100 eorem
217 2035 313 2101 nobie
329 2034 549 2120 personaliter
568 2034 753 2104 constitutis
775 2034 817 2102 ab
845 2053 911 2102 nno
937 2043 1050 2121 perte,
1076 2033 1202 2102 Thema

76 2143 222 2222 Gemite,
237 2145 344 2210 Bonna
355 2141 430 2210 filiis
441 2143 551 2210 Simon
561 2161 603 2209 oe
619 2141 696 2210 eliis
713 2141 870 2211 t'retribus
887 2143 957 2212 ouis
974 2143 1203 2227 similiterper·

75 2250 239 2318 sonaliter
254 2270 361 2318 noram
378 2252 474 2320 nobis
496 2251 763 2335 comparentibus
783 2253 826 2320 nb
842 2254 969 2334 altere,
995 2252 1095 2320 iidem
1111 2251 1202 2318 nobi·

76 2361 128 2425 les
146 2359 188 2425 de
205 2359 353 2426 Tolohva
380 2359 531 2426 dixerunt
556 2366 800 2446 proponentes,
817 2361 904 2446 qnod
921 2369 1042 2426 terram
1058 2360 1204 2428 Toronle

76 2473 241 2550 voertam,
260 2487 356 2554 quem
374 2489 395 2534 e
411 2467 487 2538 filiis
503 2467 628 2554 Simon,
642 2470 741 2556 juxta
758 2465 896 2539 iorme'm
918 2469 1037 2555 Judieii
1062 2471 1203 2557 require·

78 2578 180 2659 bont,
209 2575 276 2660 ipsi
302 2578 342 2644 de
368 2577 536 2644 voluntate
552 2585 584 2642 et
596 2575 741 2663 judicum
763 2597 924 2644 consensu
942 2598 1040 2663 super
1055 2579 1204 2663 prediola

77 2691 171 2753 terra
185 2683 295 2749 taliter
318 2685 403 2752 inter
419 2704 477 2752 eoo
502 2684 611 2752 extitit
627 2685 829 2766 ordinatum,
855 2685 940 2768 quod
955 2707 1013 2772 pro
1030 2693 1117 2754 terra
1133 2705 1203 2771 pre·

82 2793 174 2858 dieta
190 2793 320 2860 nobiles
339 2793 380 2860 de
405 2792 552 2862 Tolehva
577 2793 653 2860 filiis
669 2794 780 2863 Simon
798 2793 935 2862 Comitio
961 2795 1067 2860 minus
1083 2795 1203 2878 viginti

80 2901 203 2967 mareis
221 2901 379 2968 ducentes
395 2920 521 2970 meroes
546 2921 656 2968 eoram
682 2901 835 2986 Capitale
852 2902 1006 2989 Agrienei
1023 2903 1142 2987 partim
1168 2903 1203 2971 in

80 3017 229 3094 argento,
242 3010 362 3094 partim
373 3008 404 3074 in
415 3009 627 3076 estimeeione
638 3011 846 3092 condignam
857 3011 1005 3078 terminio
1017 3010 1202 3096 inlrnserip·

79 3116 121 3184 tis
147 3119 275 3184 solvere
301 3117 563 3184 teneentnrfiliis
588 3117 786 3204 supradictis
803 3119 865 3184 etb.
892 3119 1016 3186 Datum
1041 3119 1074 3183 in
1100 3119 1203 3204 Ujlak
1316 3159 1321 3170 ·

82 3225 164 3290 soria
182 3236 279 3292 sexte
294 3225 445 3310 proximo
462 3233 541 3293 onte
560 3228 678 3294 lentum
695 3228 792 3295 Beati
807 3227 978 3296 Michaelis
993 3227 1203 3312 Archangeli.

83 3436 244 3511 (Feje'rvtri
259 3436 610 3584 Olrmnnygylijtemenlyl?
630 3440 707 3512 moly
719 3459 738 3601 ζ
751 3459 843 3498 nomn.
856 3440 1046 3500 muzeumben
1059 3439 1204 3510 terentii,

602 3568 608 3584 .
628 3529 718 3586 lotor.

509 3821 767 3834 -n--n-—n-m
