3144 5180
877 363 897 429 8

813 455 961 465 ..-.—--—--

328 568 456 637 nobiles
473 586 513 633 ac
529 566 613 634 alios
630 563 845 652 supradictos,
864 580 961 645 super
977 581 1041 643 quo
1052 575 1108 624 eos
1124 557 1275 622 volumus
1292 572 1366 621 esse
1382 556 1448 621 sol·

331 679 440 747 licitos
457 683 490 744 et
506 681 668 758 attentos,
695 674 737 740 de
754 677 863 756 statu,
889 667 1130 738 conditionibus
1147 675 1179 732 et
1197 662 1451 734 circumstantiis

329 785 414 874 ipsis
441 783 613 852 certificati
639 783 773 850 tandem
788 780 917 870 plenius
937 786 968 844 et
993 773 1162 859 instructi,
1188 775 1276 839 circa
1301 773 1452 854 Regnum

330 896 440 980 ipsum
456 899 627 961 statatum
646 891 716 956 eius
733 893 897 978 possimus
913 886 1025 952 utilius
1046 891 1077 950 et
1088 881 1250 949 efficatius
1261 879 1304 946 ad
1320 879 1453 946 laudem

330 1001 445 1074 Divini
461 1002 604 1070 nominis
621 1007 654 1065 et
664 997 806 1082 quietem
822 997 961 1065 fidelium
981 991 1162 1080 providere.
1173 989 1242 1055 Nos
1258 993 1369 1054 autem
1379 1005 1453 1073 pre-

333 1111 420 1180 fatos
435 1088 732 1197 Archicpiscopos,
757 1107 960 1191 Episcopus,
986 1109 1019 1167 et
1033 1097 1167 1168 Nobiles
1184 1117 1223 1166 ac
1239 1096 1322 1164 alios
1339 1114 1455 1180 supra·

334 1220 442 1288 dictos
457 1238 517 1305 per
532 1219 663 1282 nostras
680 1214 806 1282 litteras
824 1228 990 1282 monemus
1006 1215 1039 1274 et
1054 1209 1218 1274 hortamur
1234 1210 1382 1291 attentc;
1407 1206 1458 1269 ni·

330 1327 529 1399 chilominus
546 1327 593 1392 cis
610 1343 670 1410 per
680 1323 870 1408 Apostolioa
886 1321 1011 1406 scripta
1020 1316 1224 1396 mandantes,
1241 1325 1276 1383 ut
1291 1314 1351 1381 tibi
1367 1315 1458 1381 circa

334 1435 500 1522 premissa
515 1432 684 1516 oportunis
711 1431 859 1500 consiliis
884 1435 917 1496 et
932 1426 1065 1497 auxiliis
1081 1422 1295 1509 assistentes,
1320 1425 1386 1492 tuis
1402 1445 1457 1495 sa-

333 1541 480 1610 lubribus
497 1541 663 1608 mandatis
690 1545 722 1608 et
737 1540 868 1606 monitis
884 1537 1061 1606 efficaciter
1084 1533 1253 1601 intendere
1279 1535 1457 1618 studeant3

335 1653 383 1718 ita
399 1649 487 1734 quod
501 1669 560 1734 per
576 1647 726 1716 effectum
737 1649 845 1735 operis
860 1653 986 1733 pateat,
1005 1662 1062 1711 eos
1079 1641 1196 1708 bonum
1213 1654 1245 1712 et
1261 1636 1457 1730 prosperum

337 1759 475 1844 diligero
492 1763 615 1825 statum
632 1758 755 1844 Regni,
774 1763 806 1822 et
821 1757 968 1844 ipsorum
986 1753 1119 1820 devotio
1141 1753 1247 1837 possit
1263 1771 1330 1820 non
1344 1750 1459 1818 imme·

335 1869 399 1936 rito
416 1866 650 1934 commendari.
685 1863 848 1944 Quocirca
874 1859 1072 1930 fraternitati
1098 1867 1152 1925 tue
1181 1879 1239 1944 per
1265 1860 1463 1946 Apostoliea

338 1975 465 2060 scripta
481 1971 695 2055 mandamus,
714 1980 877 2056 quatenus
895 1971 985 2038 circa
999 1967 1150 2056 predicta
1165 1967 1213 2034 sio
1233 1975 1265 2033 te
1282 1967 1462 2054 prudenter

338 2089 372 2153 et
387 2081 529 2150 sollicite
545 2100 662 2165 gerere
679 2081 825 2164 studeas,
845 2085 880 2147 ut
896 2079 1056 2164 premium
1073 2077 1193 2143 exinde
1208 2077 1420 2160 consequaris
1442 2099 1462 2143 ιι

338 2191 489 2271 Domino,
508 2194 542 2254 et
557 2209 578 2255 a
593 2187 689 2256 nobis
706 2188 807 2276 digne
833 2186 1126 2254 commendationis
1151 2186 1276 2252 titulum
1293 2187 1465 2254 merearis.

340 2299 460 2365 Datum
476 2293 566 2384 apud
590 2278 882 2364 Urbem-Veterem
899 2295 974 2362 VII.
991 2295 1070 2362 Idus
1087 2294 1287 2378 Septembris
1313 2291 1466 2379 (Pontifi-

341 2414 435 2474 catus
451 2401 567 2488 nostri)
587 2425 673 2471 auno
689 2405 796 2472 tertio.

448 2547 486 2614 ln
502 2565 532 2614 c.
548 2566 589 2612 m.
605 2545 852 2614 venerabilibus
870 2543 1025 2614 fratribus
1051 2546 1215 2612 universis
1231 2544 1470 2632 Archiepisco·

341 2655 404 2742 pis,
422 2653 616 2740 Episcopis,
643 2663 677 2723 ct
703 2654 833 2724 dilectis
848 2654 929 2721 filiis
946 2653 1089 2732 Electis,
1120 2655 1301 2723 Abbatibus
1326 2665 1357 2720 et
1382 2653 1469 2724 aliis

341 2761 565 2831 Ecclesiurum
581 2761 723 2828 Prelatis
749 2781 808 2847 per
834 2762 979 2845 Regnum
996 2759 1143 2848 Ungarie
1166 2764 1360 2830 constitutis.
1388 2763 1472 2832 urci

341 2872 493 2940 Romana
508 2869 661 2936 Ecclesia
679 2878 740 2938 etc.
758 2877 910 2954 utsupra
934 2889 1039 2954 usque
1056 2877 1088 2935 et
1105 2869 1311 2956 prudentiam
1328 2873 1472 2940 circum-

343 2985 509 3064 spectsm,
528 2985 627 3063 prout
644 2979 738 3046 vobis
763 2998 827 3046 non
846 2979 1043 3045 arbitramur
1060 2979 1260 3064 incognitum
1278 2988 1340 3050 etc.
1355 3001 1473 3065 usquc

344 3087 510 3154 fructuosa
527 3109 534 3149 :
554 3107 689 3170 quorum
706 3087 838 3170 aliqua,
854 3093 951 3172 prout
969 3089 1089 3154 multos
1106 3107 1146 3154 cx
1163 3089 1257 3156 vobis
1267 3135 1277 3170 ,
1305 3095 1339 3154 ut
1355 3092 1472 3158 credi-

344 3213 434 3278 mus,
453 3192 533 3260 tacti
549 3191 717 3262 evidentia
741 3196 855 3262 docuit
872 3201 933 3262 etc.
951 3214 1055 3278 usque
1083 3196 1264 3264 dinoscitur
1289 3203 1473 3282 oportuna,

344 3300 567 3370 venerabilem
585 3299 718 3369 fratrem
735 3309 881 3368 nostrum
898 3303 932 3370 Β.
951 3301 1155 3388 Eugubinum
1173 3304 1389 3391 Episcopum,
1415 3311 1475 3376 vi-

343 3430 412 3476 rum
430 3409 539 3492 utique
556 3409 728 3494 providum
745 3417 779 3476 et
796 3409 984 3496 discretum,
1003 3413 1177 3478 zelatorem
1195 3413 1330 3497 iustitie,
1347 3435 1388 3480 ce
1404 3436 1476 3486 nc-

343 3519 397 3585 bis
414 3525 447 3586 et
462 3516 618 3584 fratribus
635 3515 758 3582 nostris
776 3501 835 3583 cto.
847 3516 961 3585 verbis
979 3523 1199 3603 competenter
1210 3524 1340 3588 mutatis
1355 3541 1476 3606 usque

345 3624 531 3714 providere.
555 3624 718 3704 Quocirca
743 3626 988 3693 universitatem
1005 3637 1148 3696 vestram
1173 3647 1325 3716 rogamus
1341 3636 1373 3696 et
1389 3631 1477 3702 hor-

347 3741 453 3800 tamur
478 3739 622 3815 attente,
660 3733 889 3800 nichilominus
918 3736 1009 3802 vobis
1036 3756 1094 3820 per
1119 3739 1315 3821 Apostolica
1339 3741 1479 3826 scripta

348 3842 545 3910 mundantes
557 3892 567 3927 ,
591 3847 755 3924 quatenus
781 3845 909 3928 Legato
937 3847 1137 3912 assistentes
1154 3846 1261 3912 eidem
1288 3848 1375 3916 circa
1392 3868 1480 3933 pre·

348 3948 449 4016 missa
465 3949 611 4016 consiliis
629 3958 661 4014 et
677 3951 813 4017 auxiliis
821 3955 1000 4036 oportunis,
1017 3935 1087 4020 eius
1100 3956 1231 4022 monitis
1248 3963 1282 4022 et
1297 3959 1482 4031 mandatis

350 4055 538 4132 salubribus
555 4055 733 4124 efficaciter
748 4059 946 4147 intendatis,
970 4061 1017 4130 ita
1034 4064 1122 4148 quod
1138 4084 1197 4149 per
1221 4063 1370 4134 effectum
1387 4088 1481 4154 ope·

348 4165 394 4231 ris
408 4169 523 4252 pateat
538 4184 597 4231 uos
624 4166 744 4234 bonum
772 4177 804 4234 et
823 4189 1014 4254 prosperum
1039 4170 1178 4256 diligere
1205 4179 1321 4240 statum
1347 4173 1481 4261 Regni,

348 4281 523 4356 vestraque
539 4273 669 4342 devotio
694 4278 802 4364 possit
827 4277 946 4346 exinde
962 4301 1029 4346 non
1046 4281 1208 4348 immerito
1234 4284 1483 4358 commendari.

347 4383 467 4449 Datum
493 4381 577 4466 apud
603 4381 892 4454 Urbem-Veterem
909 4386 961 4452 Vl.
985 4387 1062 4454 ldns
1088 4389 1292 4473 Septembris
1318 4390 1484 4480 (Pontifi-

350 4498 441 4560 catus
457 4490 575 4576 nostri)
593 4512 680 4559 anno
697 4495 804 4562 tertio.

455 4618 491 4697 lu
510 4638 537 4688 e.
549 4641 591 4698 nu.
611 4615 738 4690 dilectis
754 4621 830 4694 tiliis
846 4625 1012 4695 nobilibus
1028 4625 1106 4716 viris
1121 4629 1287 4714 Ducibus,
1305 4629 1485 4704 Marabiu-
