3094 5168
798 269 958 368 geo

318 467 403 534 iacto
420 471 505 533 terre
522 463 667 551 quinque
684 465 872 546 porcionem
891 464 932 529 de
958 471 1046 530 terra
1063 463 1165 529 Tema
1185 463 1296 530 taliter
1312 480 1439 530 concor·

317 575 435 658 desse,
461 573 545 658 quod
572 573 656 639 feria
682 577 777 638 sexta
804 571 953 654 proxima
975 577 1052 654 post
1083 576 1220 639 octenas
1245 566 1438 640 Natiuitatis

316 681 410 748 Beati
427 680 591 750 lobannis
606 681 755 764 Baptista
770 679 834 744 hoc
861 698 967 758 anno,
986 679 1153 765 Nycolaur
1172 685 1204 744 et
1219 676 1392 745 Johennes
1409 677 1437 742 fi-

316 789 350 875 lij
369 789 505 857 Comitis
522 789 623 876 Bytar
633 839 642 871 ‚
670 809 736 855 vna
753 805 826 853 oum
843 786 1004 874 Dyonisio
1021 789 1141 870 Magno
1156 787 1223 852 filio
1240 785 1334 870 Jnrk,
1353 791 1386 848 et
1400 786 1439 850 al-

316 905 386 964 tero
409 897 569 984 Dyonisio
595 893 661 960 lilio
679 895 858 979 Tyburclrij
886 895 926 958 de
954 895 1110 973 Palasth‚
1138 897 1170 960 in
1196 913 1335 976 quorum
1357 893 1440 977 jura·

318 1011 426 1072 mento
443 1004 529 1070 idem
545 1004 729 1068 Demetrius
754 1003 840 1069 filius
857 1001 1008 1084 Baroarij
1026 1020 1084 1086 pro
1102 1021 1139 1068 se
1154 1009 1188 1069 et
1202 1001 1360 1069 iratribus
1376 997 1438 1064 suis

319 1111 474 1199 predictis
490 1112 613 1178 sactum
642 1110 803 1176 dictarum
829 1109 970 1194 quinque
986 1109 1176 1194 porcionum
1194 1117 1280 1176 terre
1296 1107 1440 1196 predicte

318 1227 436 1304 sponte
452 1218 603 1288 submisit
623 1218 851 1298 decidendum,
872 1216 1080 1302 presentibus
1097 1217 1179 1285 Jurk
1195 1217 1263 1284 filio
1281 1216 1440 1301 Stephani

318 1327 360 1394 dc
385 1327 564 1398 Zalathnc.
591 1347 688 1410 quem
704 1327 807 1412 ijdem
832 1326 896 1409 filij
914 1325 1051 1392 Comitis
1077 1328 1180 1411 Byter
1196 1323 1385 1405 adducent,
1410 1329 1440 1390 et

319 1434 449 1502 Andrca
465 1435 532 1502 filio
557 1435 674 1510 Araw,
702 1455 795 1519 quem
812 1433 872 1520 filij
889 1431 1043 1516 Furcasij
1070 1439 1103 1496 et
1118 1429 1178 1513 filij
1197 1431 1317 1510 Perse,
1335 1437 1439 1518 partes

320 1549 459 1623 actores,
477 1541 653 1628 adducent,
678 1541 862 1608 hominibus
880 1539 1004 1608 domini
1029 1539 1129 1618 Regis
1145 1538 1281 1620 duobus,
1298 1545 1334 1604 et
1358 1541 1441 1608 testi·

320 1649 439 1734 monijs
457 1648 599 1732 Capituli
616 1647 799 1729 Vaciensis,
818 1665 902 1732 quos
918 1647 1084 1714 adducent
1101 1646 1196 1712 ambe
1211 1651 1335 1730 partes,
1353 1668 1439 1714 auoc-

320 1754 399 1821 dent
415 1763 528 1842 partes
541 1777 638 1840 super·
650 1753 799 1842 lacio(m)
817 1756 977 1822 dictarum
998 1755 1142 1836 quinque
1159 1755 1351 1838 porcionum
1368 1755 1440 1822 filio·

322 1883 391 1928 rum
409 1866 560 1950 Farcasij
579 1873 612 1930 et
627 1862 766 1930 filiorum
791 1865 892 1930 Perse
909 1861 1215 1942 contenciosarum,
1243 1869 1277 1928 et
1292 1861 1393 1947 ijdem
1410 1863 1441 1930 fi·

320 1972 356 2058 lij
374 1970 510 2038 (lomitis
527 1973 630 2057 Byter
656 1970 731 2054 duo,
748 1978 782 2036 et
797 1971 861 2036 duo
888 1969 1050 2036 nominati
1068 1968 1218 2054 predicti,
1234 1970 1322 2036 sicut
1348 1972 1439 2038 moris

322 2087 372 2144 est
387 2080 495 2143 iurare
511 2097 610 2163 super
626 2084 755 2162 terram,
773 2079 962 2162 recipiendo
979 2084 1102 2143 terram
1120 2077 1163 2142 ad
1178 2096 1316 2160 manns,
1344 2085 1376 2144 et
1391 2097 1441 2164 po·

324 2185 428 2250 nendo
446 2203 545 2270 super
561 2187 672 2270 capita
687 2205 755 2268 sna,
772 2187 927 2253 iurabant
942 2206 1041 2274 super
1057 2206 1107 2272 eo,
1125 2185 1212 2270 qnod
1223 2185 1339 2253 eedem
1357 2187 1439 2271 quin-

323 2311 385 2373 que
403 2294 577 2375 porciones
592 2302 679 2360 terre
694 2294 903 2363 contencione
921 2296 986 2362 sint
1003 2300 1035 2358 et
1051 2295 1173 2362 inerint
1187 2291 1228 2361 de
1244 2293 1438 2362 hereditario

323 2399 391 2466 iure
408 2399 546 2466 filiorum
569 2405 669 2488 Byter
684 2403 920 2488 predictorum,
946 2409 1069 2488 etpost
1086 2404 1147 2470 heo
1172 2407 1281 2487 partes
1308 2402 1342 2470 in
1359 2407 1440 2469 octa·

322 2507 372 2570 nis
389 2507 486 2574 Beati
500 2509 627 2596 Jacoby
652 2511 801 2596 Apostoli
829 2509 1059 2594 comparebunt
1085 2529 1197 2576 coram
1217 2509 1314 2576 nobis
1341 2509 1439 2577 tocius
1523 2577 1526 2590 ,

321 2615 401 2684 lacti
426 2615 544 2682 seriem
570 2617 604 2684 in
629 2619 746 2684 litteris
763 2619 840 2684 dicti
865 2617 1009 2704 (lapituli
1030 2617 1204 2685 veclensis
1229 2625 1440 2705 reportantes.

322 2723 442 2788 Datum
459 2723 551 2790 Budc
568 2727 706 2808 septimo
733 2727 787 2792 dic
804 2737 994 2794 octauarum
1016 2727 1247 2809 Pentecostes,
1273 2744 1361 2793 anno
1386 2723 1442 2790 Do·

324 2829 403 2896 mini
417 2829 477 2896 Mt
496 2832 576 2899 00⁰.
594 2834 808 2916 nonagesimo
825 2852 921 2899 nono.

432 3027 540 3094 Jeqput.
554 3023 737 3098 Bo'rhdrtydn
760 3027 821 3083 kalt
834 3027 896 3084 zdrt
909 3026 986 3086 level
1008 3024 1186 3098 pcosdtdnelr
1209 3025 1327 3098 oselrdly
1340 3025 1443 3082 marad-

323 3111 490 3186 vdnyaival.
509 3114 645 3172 Hdtirata
660 3134 693 3172 ez
708 3138 714 3172 ι
734 3136 786 3190 pro
799 3117 866 3189 filijs
880 3117 1001 3174 Comitis
1014 3115 1106 3190 Byter
1119 3123 1221 3173 contra
1234 3114 1308 3173 filios
1321 3113 1442 3182 Barcasij

326 3210 355 3260 et
366 3203 440 3260 filios
453 3203 551 3274 Perse,
572 3209 610 3262 ad
624 3205 788 3279 Capitulum
802 3208 954 3278 Vaoiense,
970 3210 1007 3264 ad
1020 3208 1123 3264 faciem
1147 3215 1222 3264 terre
1235 3207 1346 3262 Τὶιοιιιιι
1361 3205 1395 3260 ad
1407 3201 1443 3258 ie-

324 3293 396 3349 riam
409 3301 519 3350 sextam
533 3303 599 3366 post
613 3301 732 3353 octenas
745 3299 830 3353 Beati
844 3299 985 3354 Johannis
1005 3299 1138 3369 Baptista
1153 3308 1179 3353 et
1202 3297 1238 3352 ad
1260 3295 1391 3352 Judicem
1410 3295 1444 3349 ad

326 3383 545 3542 ffgtaffmi
564 3386 679 3442 Jacobii
692 3387 835 3459 Apostoli.
860 3385 1005 3442 Akskkoi
1018 3384 1199 3444 levdlttlrban
1214 3407 1221 3440 ι
1235 3385 1318 3440 Base.
1344 3387 1368 3438 1.
1382 3381 1445 3451 nro,
