3144 5180
106 1159 169 1226 ΠΙ.
188 1159 296 1223 Eudae
311 1158 420 1246 kircily
435 1160 563 1242 Jatab,
597 1160 692 1224 Vince
699 1161 760 1245 fic,
774 1163 926 1248 pczsoupi
947 1162 1061 1248 μοῖράν
1082 1164 1227 1226 scomma

105 1271 280 1356 moperdsitc'
296 1271 317 1334 Ι
320 1268 355 1332 V.
372 1267 487 1334 Lceztc
509 1268 683 1355 leirdlyrealc
693 1267 789 1332 Plura
804 1273 886 1334 nevil
900 1271 1043 1336 hirtolcrca
1057 1270 1229 1335 cronicae

510 1375 712 1462 adomduydt.
728 1377 825 1440 1291.

212 1570 395 1659 (A)ndreas
422 1574 486 1641 Dei
513 1575 627 1658 gocia
652 1573 841 1660 Hungarie,
862 1574 1054 1660 Dulmoeie,
1079 1575 1226 1661 Orcacie,

106 1687 220 1767 Reme,
239 1683 379 1764 Seruio,
397 1681 558 1762 Gallicis,
576 1681 773 1750 Lcdcmerie
782 1734 791 1767 ,
817 1683 992 1764 Gumauie,
1008 1685 1227 1770 Bulgarieque

104 1793 172 1856 Rex
190 1792 345 1857 omnihus
363 1789 485 1858 Christi
510 1790 663 1858 fidelihus
678 1797 851 1874 presentes
873 1792 1004 1858 litteras
1031 1791 1226 1876 inspecturis

105 1902 245 1967 salutem
261 1898 295 1964 in
314 1901 457 1980 omnium
483 1899 663 1967 saluatore.
687 1901 741 1966 Ad
757 1901 983 1970 uniuersorum
1007 1901 1163 1968 noticiam
1179 1908 1226 1968 te·

104 2031 182 2078 nore
198 2013 407 2096 presencium
432 2012 585 2080 uolumus
601 2011 784 2096 peruenire,
810 2011 896 2096 quod
913 2011 1130 2080 consideratis
1147 2011 1226 2078 fide·

104 2117 251 2184 litatibns
269 2128 301 2185 et
319 2119 533 2186 seruiciorum
559 2118 685 2186 meritis
703 2117 839 2186 Comitis
855 2119 975 2186 Jacohi
993 2116 1052 2185 filii
1069 2119 1164 2186 Vinci
1182 2122 1226 2188 ei·

103 2227 150 2292 uis
167 2225 383 2294 Posoniensis
399 2225 507 2294 fidelis
525 2225 651 2309 nostri,
680 2245 743 2308 quc
760 2225 855 2292 nobis
873 2232 949 2310 post
965 2228 1086 2312 adepta
1111 2227 1226 2310 gnber-

104 2335 223 2401 necula
238 2335 341 2402 nostri
358 2334 529 2417 regiminis
559 2333 709 2401 exhibuit
725 2337 758 2398 et
773 2333 952 2419 impendit,
981 2333 1145 2419 quandem
1161 2341 1225 2402 ter-

104 2466 172 2512 ram
190 2444 294 2510 castri
312 2447 417 2512 nostri
429 2444 644 2512 Posonieusis
661 2445 948 2532 Plumcuocatam,
967 2463 1104 2514 vacuam
1122 2453 1155 2512 et
1169 2447 1227 2512 ha·

104 2554 299 2621 bitatorihus
318 2553 511 2622 destitutam
528 2574 588 2638 per
613 2552 780 2620 dominum
805 2555 929 2638 Regem
946 2555 1140 2622 Ladinleum
1160 2553 1225 2623 fre·

104 2667 181 2728 trem
198 2669 347 2728 nostrum
365 2661 546 2748 patruelem
563 2662 594 2727 ei
610 2661 777 2728 mediante
793 2679 852 2728 suo
869 2661 1045 2748 priuilegio
1062 2665 1226 2748 collatum,

105 2777 136 2835 ct
151 2791 212 2855 per
228 2773 333 2858 ipsum
350 2773 514 2841 Jacohum
531 2791 637 2857 usque
662 2770 760 2838 modo
783 2789 992 2856 possessam,
1019 2773 1083 2859 ipsi
1098 2773 1225 2841 Jacobo
1337 2761 1342 2771 ’

105 2883 135 2942 et
151 2897 210 2962 per
226 2897 302 2944 eum
318 2879 388 2946 suis
403 2876 579 2946 heredibus
591 2876 812 2961 heredumque
829 2897 960 2944 suornm
978 2881 1226 2952 successoribus

105 2984 267 3068 dedimus,
284 2984 477 3060 donauimns
494 2993 527 3052 ot
538 2985 731 3052 contulimus
749 2985 818 3051 iure
828 2993 986 3071 perpetuo
1002 2986 1139 3074 pacifice
1149 3007 1224 3073 pos·

105 3092 275 3159 silendam
303 3090 376 3160 siue
400 3091 586 3176 preiudicio
609 3092 689 3160 iuris
715 3091 835 3176 alieni,
859 3094 1039 3162 secuudum
1064 3096 1151 3178 quod
1167 3117 1226 3184 per

105 3201 268 3270 dominum
285 3204 406 3288 Regem
423 3201 618 3270 Ludizlaum
641 3201 778 3270 fratrem
802 3210 948 3271 nostrum
965 3204 1144 3289 patruelem
1160 3209 1226 3292 ipsi

104 3311 219 3378 domiti
235 3312 364 3378 Jaeoho
383 3311 506 3378 donato
524 3309 704 3377 dinoscitur
721 3315 753 3376 et
771 3310 906 3378 collata.
932 3313 970 3378 In
983 3311 1074 3378 cuius
1090 3313 1139 3378 rei
1155 3333 1220 3382 me·

105 3421 237 3487 moriam
254 3427 288 3486 et
304 3427 494 3504 perpetuam
521 3418 710 3487 firmitatem
733 3426 907 3505 presentes
925 3419 1144 3489 concessimus
1170 3423 1217 3488 lit·

106 3537 187 3594 teras
204 3529 350 3616 duplicis
367 3529 471 3614 sigilli
486 3529 592 3596 nostri
617 3529 797 3596 munimine
813 3531 996 3597 roboratas.
1024 3531 1146 3598 Datum
1164 3550 1222 3616 per

108 3659 220 3707 manus
238 3639 376 3706 discreti
392 3639 454 3705 riri
470 3639 619 3724 magistri
631 3637 798 3708 Theodori
813 3640 969 3708 Albensis
980 3641 1129 3709 Ecclesie
1146 3642 1223 3708 Pre-

109 3747 204 3832 positi
220 3747 299 3813 aule
322 3754 432 3816 nostre
455 3745 768 3833 vicecancellarii,
794 3746 907 3815 dilecti
923 3756 957 3816 et
979 3747 1085 3817 tidelis
1110 3749 1224 3833 nostri,

105 3875 187 3924 anno
210 3854 346 3922 Domini
371 3855 422 3922 M⁰
449 3854 519 3922 00⁰
544 3857 759 3942 nonagesimo
784 3857 888 3943 primo
905 3860 942 3926 V.
968 3859 1133 3930 kalendas
1156 3860 1225 3928 Nc·

106 3965 258 4049 rembris,
275 3964 380 4047 Regni
399 3968 509 4030 autom
526 3965 629 4031 nostri
646 3984 732 4032 enno
752 3965 828 4033 Ilo.

342 4156 488 4224 (Eredetie
501 4159 636 4233 Poasony
649 4159 734 4218 vdrcs
747 4159 972 4234 leveltdrdban.)

533 4461 808 4475 Μ’*
