3072 5168
54 1195 102 1261 Az
127 1195 249 1284 crdclyc‘
271 1197 425 1284 lodptclcn
441 1197 720 1285 bicooycdplccclc,
737 1199 815 1286 ltopy
835 1199 1004 1265 Toreatai
1031 1199 1174 1268 Otetleoo

57 1305 227 1371 cesoma
237 1304 357 1392 kelyctp
364 1302 533 1390 soleresze't
547 1305 799 1370 ottokatcaccec'rc
824 1307 971 1371 [socna
987 1309 1018 1372 a
1034 1309 1175 1375 aaaron

465 1413 641 1480 amicata.
668 1415 764 1478 1294.

163 1629 349 1719 Capitulum
374 1629 522 1696 Ecclesia
538 1631 632 1694 Beati
647 1615 819 1696 Michaelis
835 1630 1035 1716 Archangeli
1051 1633 1172 1700 Trans·

59 1739 194 1822 silnane,
211 1738 371 1804 vnlnersis
389 1735 512 1802 Christi
532 1736 686 1804 fidelibus
703 1745 769 1802 tam
786 1737 994 1821 presentibus
1012 1757 1109 1822 qnam
1125 1739 1173 1806 fn·

60 1849 148 1928 turis,
163 1865 300 1932 presens
318 1845 469 1928 scriptum
489 1845 683 1928 inspecturis
705 1847 843 1912 salutem
859 1847 892 1911 in
910 1846 1051 1914 omnium
1068 1846 1174 1914 salua-

59 1965 135 2022 tore.
153 1954 386 2020 Vniuersornm
397 1951 516 2019 noticia
530 1951 646 2019 harum
663 1953 748 2021 serie
765 1953 981 2035 declaremus,
999 1955 1086 2037 quod
1103 1975 1174 2021 ma-

61 2063 158 2146 gister
175 2063 328 2131 Ohellens
345 2061 434 2127 illius
454 2061 608 2128 Chellens
625 2061 666 2126 de
683 2059 867 2145 Turnzkov,
884 2062 1105 2146 personaliter
1121 2081 1173 2128 co-

61 2191 125 2236 ram
142 2171 239 2237 nobis
256 2168 484 2254 comparando,
510 2169 645 2236 totalem
662 2167 873 2236 medietatem
900 2168 1069 2236 cuiusdam
1086 2168 1175 2237 here·

61 2279 176 2344 ditarie
192 2285 276 2344 terre
293 2295 360 2358 sue,
379 2283 414 2343 ut
425 2275 509 2343 idem
526 2275 622 2360 dixit,
634 2275 958 2361 serotenesnocata,
970 2279 1002 2344 in
1014 2275 1175 2344 comitatu

62 2386 99 2451 de
113 2383 248 2452 Thorda
274 2387 463 2470 existentis,
490 2405 560 2450 cnm
579 2385 727 2452 omnibus
744 2386 941 2455 vtilitatibus
957 2388 1026 2454 suis
1047 2395 1079 2455 ct
1103 2405 1170 2472 per-

63 2495 220 2578 tinenciia,
235 2495 296 2561 snb
314 2494 440 2560 eisdem
456 2493 598 2577 antiquis
609 2495 714 2578 metis,
733 2495 847 2580 signis,
864 2514 923 2562 sen
939 2497 1094 2578 terminis,
1107 2493 1176 2577 qui·

63 2601 119 2667 bos
136 2621 208 2669 eam
224 2602 342 2669 habuit
370 2609 403 2668 et
418 2601 577 2688 possedit,
594 2601 695 2688 dedit,
713 2605 857 2682 donauit,
869 2611 901 2672 et
917 2602 1174 2670 irreuoesbiliter

64 2710 191 2776 contulit
207 2709 355 2794 cognatis
382 2711 466 2796 eius,
483 2710 652 2794 Stephano
670 2711 806 2796 seilicet,
823 2719 856 2778 et
874 2710 1005 2778 Andree
1021 2711 1096 2776 filiis
1112 2709 1176 2778 He

64 2821 198 2905 lemben,
218 2819 339 2905 genitis
355 2837 397 2885 ex
418 2817 550 2885 domina
565 2839 683 2902 sorore,
700 2819 838 2904 predicti
848 2817 1000 2886 Chelleus
1012 2855 1055 2866 -—
1070 2854 1114 2868 -
1132 2855 1174 2868 -

64 2927 118 3011 sni,
129 2933 161 2994 et
171 2947 232 3013 per
242 2948 301 2997 eos
311 2925 488 2994 eorundem
500 2927 742 2996 successoribus
754 2929 822 2994 inre
838 2935 995 3012 perpetuo
1005 2925 1176 3012 possiden-

65 3033 134 3100 dam
151 3043 183 3102 et
199 3036 394 3104 habendam.
421 3037 458 3102 ln
475 3035 566 3102 cuius
591 3035 638 3100 rei
664 3035 893 3119 testimonium,
915 3041 1172 3122 perpetuamque

65 3139 250 3230 firmitatem,
268 3143 312 3210 ad
328 3144 522 3229 peticionem
539 3151 571 3209 et
587 3143 780 3210 instanciam
801 3143 1020 3228 predictorum
1040 3162 1171 3231 presen-

67 3255 110 3315 tes
126 3251 348 3319 concessimus
359 3251 488 3318 litteras
498 3251 672 3316 munimine
683 3250 783 3316 nostri
799 3249 899 3334 sigilli
916 3252 1096 3317 roboratas.
1107 3249 1175 3318 Ds-

66 3364 126 3424 tum
136 3360 292 3444 magistro
302 3359 464 3428 Michaele
474 3359 654 3444 Prepesito,
666 3357 823 3442 Gregorio
836 3355 986 3446 (lentore,
997 3359 1100 3426 Paulo
1111 3357 1174 3426 Gn-

68 3467 161 3546 stode,
178 3468 275 3534 Petro
295 3465 537 3533 Archidiaoono
563 3465 604 3532 de
621 3465 710 3549 Olus,
742 3465 875 3531 Deeano
891 3465 1039 3533 Eccleaie
1064 3471 1174 3533 nostre

70 3575 284 3643 existentibus.
300 3577 393 3641 Anno
410 3572 540 3641 Domini
558 3573 615 3638 w.
634 3573 712 3641 00⁰.
730 3573 943 3660 nonagesimo
960 3579 1083 3660 quomo.

69 3785 198 3855 (Tentach
211 3787 244 3842 es
256 3787 414 3844 rnnhcbcr
428 3785 661 3843 Urlrundenbneh
674 3803 725 3842 nur
743 3783 916 3843 Geschiehte
939 3783 1173 3858 Siebenbllrgens

504 3877 525 3932 1.
538 3876 597 3933 kct.
617 3875 678 3933 188.
692 3875 722 3948 l.)

581 4167 750 4175 -η-η--ι--σ-
