3094 5168
603 356 760 456 Q

113 546 180 616 fllio
199 549 335 637 Gyaris,
354 557 385 615 et
410 551 515 616 altero
541 550 703 634 Dyonisio
719 547 787 615 filio
804 549 950 635 Tiburcij
979 553 1020 618 de
1036 555 1193 636 Palasth,
1210 559 1243 623 in

114 676 248 744 qnorum
266 659 450 727 iuramento
467 658 552 724 idem
570 659 756 726 Demetrius
782 657 870 722 filius
888 659 1042 744 Farhasij
1069 683 1129 746 pro
1149 683 1185 728 se
1211 675 1244 732 ct

114 763 272 833 iratribus
290 767 357 831 suis
384 765 546 850 predictis
564 765 687 831 facturn
714 765 875 831 dictorum
893 767 1035 850 quinque
1051 771 1243 854 porcionem

114 880 200 940 terre
231 875 381 959 predicte
412 883 531 959 sponte
572 853 725 942 submisit
760 873 996 958 decidendum,
1033 877 1242 959 presentibus

115 982 231 1068 Gynrk
249 981 316 1048 filio
345 980 507 1067 Stephani
523 983 564 1048 de
584 981 749 1048 Zalathna
760 1031 769 1067 ,
787 1002 882 1066 quem
908 983 995 1048 idem
1021 982 1080 1070 iilij
1106 986 1242 1054 Oomrtis

113 1091 218 1177 Byter
233 1090 417 1174 adducent,
444 1098 475 1156 ct
502 1090 636 1157 Andrea
654 1089 720 1154 filio
737 1094 854 1173 Arma,
872 1109 968 1174 quem
993 1089 1050 1178 filij
1075 1094 1246 1180 Farhasij;

113 1207 146 1262 et
160 1198 219 1280 fiiij
238 1199 338 1265 Perse
355 1199 523 1266 adducere
538 1200 753 1282 tenebuntur,
777 1197 963 1266 hominibus
990 1200 1113 1266 domini
1130 1203 1241 1287 Regis,

113 1313 146 1371 et
162 1308 291 1372 duobus
318 1309 520 1392 testimonijs
546 1311 687 1390 nostris,
706 1326 787 1393 quos
814 1307 981 1374 adducent
1007 1310 1103 1377 ambe
1123 1323 1243 1394 portes,

112 1411 198 1479 feria
215 1427 311 1480 sexta
327 1417 476 1500 proxima
488 1423 566 1501 pest
582 1425 719 1482 octenas
736 1417 931 1482 Natiuitatis
948 1417 1063 1483 Sancti
1080 1417 1243 1486 Johaunis

113 1521 289 1610 Baptiste,
315 1525 506 1590 accedendo
532 1543 632 1608 snper
655 1523 771 1590 facicm
799 1524 943 1607 ipsarum
960 1529 1101 1606 quinque
1119 1529 1243 1609 porcio·

112 1649 191 1696 num
209 1641 295 1696 terre
314 1633 520 1698 contensiose
537 1631 579 1699 de
595 1639 684 1696 terra
699 1628 813 1714 Tema,
831 1631 933 1715 ijdem
950 1631 1009 1716 filij
1023 1633 1160 1702 Comitis
1177 1637 1241 1721 By·

113 1736 255 1820 tardus,
274 1747 306 1804 st
320 1737 384 1804 duo
397 1737 620 1807 coniuratores
637 1739 782 1823 ipsorum
795 1741 1022 1825 prenominati,
1041 1744 1125 1808 sicut
1142 1743 1241 1808 moris

114 1852 167 1912 est
181 1847 290 1912 iurare
311 1865 412 1930 super
436 1855 540 1931 terra,
572 1846 759 1928 recipiendo
784 1856 905 1911 terram
930 1847 973 1910 ad
990 1869 1106 1913 maniis
1131 1856 1165 1913 ct
1187 1870 1244 1934 po·

112 1953 225 2020 nendo
253 1973 352 2038 super
376 1957 488 2037 capita
514 1973 591 2038 sua,
618 1955 728 2020 iurare
756 1956 1018 2041 presumpserint
1052 1975 1241 2039 supereo:

114 2063 201 2146 quod
218 2062 332 2128 eedem
353 2064 495 2145 quinque
522 2069 607 2129 terre
633 2065 842 2129 contensiose
859 2064 924 2129 sint
941 2072 973 2129 ct
990 2064 1109 2130 fuerint
1128 2065 1170 2130 de
1186 2063 1241 2130 he·

112 2168 272 2237 rodiano
288 2171 360 2238 inre
377 2172 576 2252 eorundem,
602 2173 687 2238 sicut
704 2173 736 2235 in
763 2170 901 2256 prefatis
919 2171 1039 2238 litteris
1056 2172 1161 2256 ipsius
1183 2173 1241 2238 Co-

112 2279 205 2345 mitis
223 2279 384 2365 Stephani
410 2279 444 2343 id
470 2278 601 2362 plenius
618 2277 777 2344 contineri
799 2278 961 2362 uidimus;
979 2281 1051 2366 ipsc
1077 2278 1129 2343 die
1156 2279 1242 2345 iura-

115 2387 219 2453 menti
234 2385 432 2454 aducnicnte
448 2388 596 2471 partibus
622 2405 720 2470 snper
736 2385 823 2450 secie
845 2387 991 2469 ipsarum
1010 2388 1151 2469 quinque
1169 2405 1242 2470 por·

114 2497 247 2562 cinnum
264 2505 350 2561 terre
367 2496 563 2581 constitutis,
590 2495 726 2560 sormam
744 2473 922 2559 turamcfnti
941 2495 1079 2559 filiorum
1106 2492 1243 2561 comitis

114 2605 220 2686 Byter
230 2604 448 2686 predictorum
461 2604 573 2669 taliter
583 2604 732 2668 extitisse
745 2603 931 2668 ordinatum
942 2601 1041 2688 ssgy),
1059 2605 1141 2670 sicut
1153 2603 1243 2666 Bekc

113 2719 147 2776 et
164 2711 500 2796 Laurencins,clerici
513 2711 613 2792 chori,
627 2711 728 2777 nostri
746 2709 905 2784 homines,
917 2730 976 2774 nec
988 2731 1052 2776 non
1062 2730 1120 2794 per
1131 2719 1243 2796 partes

111 2839 174 2906 pro
201 2819 388 2886 testimonio
414 2819 493 2884 iilnc
519 2819 671 2899 adducti,
689 2824 722 2882 et
739 2819 885 2883 homines
902 2817 1025 2884 domini
1045 2810 1144 2898 Regis
1172 2837 1243 2900 pre-

111 2927 195 2995 dicti
211 2927 306 2992 nobis
323 2927 526 2994 concorditer
536 2929 735 3009 retulerunt;
753 2933 954 2992 virenocato
971 2925 1043 3007 ipso
1060 2925 1242 2994 iuramento

109 3034 254 3102 filiorum
270 3034 406 3101 Comitis
421 3034 522 3122 Bpter
535 3033 635 3119 ijdem
647 3034 704 3118 filij
724 3033 858 3100 Comitis
875 3035 977 3119 Bytcr
993 3037 1243 3115 assumpserunt

110 3143 246 3208 soluere
258 3161 316 3225 pro
332 3143 544 3208 relaxatione
554 3143 730 3209 iuramenti
746 3143 893 3227 ipsorum
905 3141 1062 3226 predictis
1073 3142 1152 3226 filijs
1162 3142 1242 3208 For-

109 3249 216 3336 kasij‚
235 3258 266 3316 et
283 3249 359 3337 filijs
376 3251 477 3316 Perse
495 3271 610 3319 nouem
627 3271 766 3333 marcas,
785 3252 903 3334 partim
921 3251 953 3317 in
971 3260 1106 3330 argento
1123 3259 1155 3314 et
1171 3267 1244 3335 par·

108 3359 170 3423 tim
196 3357 231 3423 in
258 3359 472 3426 estimacione
488 3359 671 3440 condigna,
697 3355 731 3420 in
748 3358 876 3422 duobus
892 3355 1039 3422 terminis
1050 3405 1059 3438 ,
1086 3355 1245 3422 videlieet

109 3471 258 3551 quatuor
274 3484 401 3530 marcas
420 3473 453 3532 et
473 3463 640 3531 dimidiam
666 3466 699 3529 in
716 3462 841 3527 octenis
867 3463 981 3530 Sancti
998 3461 1116 3528 Jacubi
1126 3508 1136 3543 ,
1163 3463 1243 3531 resi-

108 3571 200 3638 duas
218 3581 329 3638 autem
347 3579 486 3656 quatuor
503 3591 635 3640 marcas
653 3581 685 3638 et
701 3571 868 3637 dimidiam
885 3571 918 3635 in
944 3571 1027 3638 festo
1045 3569 1159 3636 Sancti
1183 3570 1242 3634 Re-

107 3683 165 3766 gis
185 3680 422 3766 subsequenti;
439 3699 504 3763 qua
520 3682 664 3766 pecunie
680 3681 863 3761 quantitate
874 3676 1051 3764 persoluta,
1064 3676 1165 3762 ijdem
1184 3674 1242 3762 filij

104 3786 274 3873 Farlrasij
287 3797 319 3854 et
327 3786 387 3871 filij
396 3787 969 3872 Persenostrumpriuilegiumsuper
984 3785 1242 3870 perpetueoioue

104 3898 264 3980 ipsarum
281 3897 423 3980 quinque
450 3897 641 3982 pernionum
657 3905 744 3962 terre
761 3896 832 3960 dari
860 3896 970 3960 facere
994 3902 1183 3961 tenerentur
1210 3891 1242 3957 fi-

103 4005 165 4092 iijs
185 4002 326 4070 Comitis
342 4005 442 4092 Byter
468 4005 655 4087 antedictis,
673 4005 757 4070 sicut
772 4003 808 4070 id
832 4003 864 4067 in
881 4004 997 4068 litteris
1024 4002 1148 4068 nostris
1170 4020 1243 4067 con-

103 4111 377 4199 posicicnaiibns
402 4113 566 4196 prioribus
592 4112 712 4180 exinde
733 4111 889 4178 confectis
914 4111 1074 4177 contineri
1101 4109 1243 4174 uidimus

102 4218 303 4288 manifeste.
319 4221 426 4304 igitur
448 4223 530 4305 ipsis
545 4239 662 4287 nouem
681 4219 800 4284 mercis
817 4220 913 4284 modo
931 4215 1103 4301 prehabito
1120 4217 1153 4280 in
1172 4233 1244 4299 prc-

102 4332 193 4398 fatis
211 4329 360 4398 terminis
377 4349 436 4417 per
455 4329 616 4397 Comitem
642 4328 841 4394 Hermannm
858 4326 1051 4411 predictum,
1069 4320 1243 4391 officialem

101 4439 253 4508 tiliorum
281 4436 418 4506 Comitis
441 4440 541 4524 Byter
557 4459 620 4526 pro
642 4438 767 4505 eisdem
787 4435 927 4504 dominis
954 4433 1042 4518 suis,
1068 4430 1149 4514 ipsis
1166 4428 1245 4515 filijs

107 4547 279 4630 Farkasij
305 4553 339 4611 et
353 4545 431 4630 fitijs
451 4547 554 4614 Perse
571 4549 666 4632 plone
684 4565 795 4612 coram
813 4543 908 4608 nobis
924 4540 1109 4627 persolutis,
1130 4539 1245 4604 Deme·

105 4658 200 4728 trius
215 4655 305 4726 filius
321 4653 473 4739 Perhasij
492 4654 698 4742 supradictus
715 4659 781 4719 tam
799 4671 857 4736 pro
875 4671 920 4734 se,
938 4646 1124 4794 preMophe
1143 4647 1244 4713 fratre

1016 4756 1058 4822 15
