3094 5168
548 345 711 450 Q

66 547 180 614 ximrrs
210 544 416 630 faciendam,
435 553 470 613 ut
485 548 584 614 iidem
609 547 758 632 hospites
774 553 806 614 et
830 545 965 630 quilibet
990 565 1031 612 ex
1049 541 1131 628 ipsis
1147 541 1190 608 ab

66 655 153 720 omni
166 653 337 721 solucione
353 655 476 739 tributi,
500 653 584 722 sieut
601 655 691 722 eires
708 655 869 724 Albenses
885 661 918 721 et
933 654 1113 730 Budenses,
1128 670 1189 737 per

65 761 172 829 tooius
198 763 306 849 Regni
332 764 437 831 nostri
462 761 616 845 elimata,
641 769 710 830 tam
729 781 827 847 super
852 781 970 845 aquam
996 758 1138 845 Dennbij
1157 765 1190 823 et

65 869 142 935 aliis
158 866 267 937 fluviis
283 871 319 938 in
334 871 448 955 Regno
464 877 576 938 nostro
594 869 821 952 existentibus,
838 869 872 937 in
882 866 1114 938 descendendo
1131 874 1189 934 aut

65 977 300 1058 ascendendo,
326 997 424 1062 quam
452 989 696 1064 superterram
728 978 822 1046 liberi
846 984 879 1043 et
908 979 1066 1044 immunes
1095 975 1190 1062 peni-

63 1090 117 1152 tus
147 1087 215 1156 sint
244 1093 278 1155 et
310 1088 479 1173 exempti;
516 1089 662 1155 volentes
693 1091 726 1152 et
756 1087 950 1156 auctoritate
982 1085 1189 1172 presencium

63 1191 231 1260 uniuersis
254 1195 434 1264 tributariis
450 1195 482 1260 in
510 1196 625 1278 quovis
650 1197 721 1264 loeo
738 1195 851 1265 tributi
876 1197 909 1264 in
934 1195 1049 1281 Regno
1076 1199 1188 1262 nostro

65 1299 257 1372 constitutis
273 1308 334 1372 sub
364 1303 542 1370 emissione
567 1323 673 1371 rernm
691 1313 723 1369 et
739 1303 848 1372 tributi
872 1306 1007 1372 tirmiter
1023 1304 1188 1390 imponen-

64 1421 137 1496 tes,
162 1419 199 1480 vt
215 1413 257 1479 de
273 1413 371 1480 robus
388 1413 548 1480 dietorum
572 1409 736 1500 hospitum
762 1421 947 1481 nostrorum
971 1411 1011 1478 de
1027 1411 1188 1497 Supronio

64 1521 119 1589 vel
137 1521 355 1603 quorumlibet
371 1541 411 1587 ex
428 1521 520 1606 ipsis,
540 1526 597 1588 aut
613 1523 775 1590 mercibus
797 1519 981 1604 eorundem,
999 1525 1109 1587 eontra
1124 1519 1189 1586 tor·

65 1649 157 1696 mam
173 1629 286 1715 graoie
308 1628 358 1696 eis
373 1647 432 1714 per
457 1648 516 1699 nos
533 1629 620 1698 taete
645 1630 768 1696 nullum
785 1627 937 1699 tributum
963 1628 1108 1714 reeipore
1133 1647 1187 1694 eu·

65 1739 169 1808 deant
185 1739 237 1808 rel
254 1742 522 1823 presumpmant,
548 1737 607 1804 sed
624 1737 672 1805 eis
689 1745 722 1804 et
738 1739 874 1806 ouilibet
898 1757 939 1804 ex
954 1736 1036 1824 ipsis
1053 1753 1122 1803 eum
1139 1756 1187 1803 re·

65 1846 128 1914 bns
141 1851 175 1912 et
185 1845 348 1914 morsibus
359 1864 468 1915 eorum
480 1845 618 1914 liberum
627 1847 802 1914 transitum
813 1848 976 1934 prebeant
988 1853 1022 1914 et
1030 1863 1188 1930 seourum,

65 1957 208 2023 materia
232 1954 467 2042 impedimenti,
483 1955 633 2023 molestie
658 1962 715 2024 aut
730 1955 917 2024 noeumenti
932 1975 997 2024 non
1023 1955 1187 2024 obstante.

66 2063 101 2128 Si
118 2064 268 2148 quivero
285 2063 483 2132 eontrarium
512 2064 590 2133 huie
605 2072 717 2134 nostre
732 2064 934 2134 ordinaeioni
957 2069 990 2130 et
1006 2061 1119 2148 graoie
1140 2063 1189 2131 r'a·

67 2181 119 2240 ote
136 2173 430 2259 attemptarent,
454 2171 719 2260 indignationem
736 2179 883 2243 nostram
899 2193 936 2243 se
953 2173 1101 2241 seneiant
1116 2190 1188 2255 gra·

67 2283 152 2348 niter
169 2281 368 2350 ineursnros.
395 2284 434 2350 In
450 2281 541 2350 enias
557 2283 604 2349 rei
623 2283 811 2351 memoriam
834 2288 867 2349 et
881 2287 1070 2372 perpetuam
1094 2280 1188 2348 tirmi-

66 2396 170 2458 tatem
196 2397 366 2472 presentes
391 2391 616 2460 conoessimus
642 2392 769 2460 litteras
795 2391 935 2478 duplieis
960 2389 1061 2476 sigilli
1086 2390 1188 2458 nostri

66 2499 247 2565 monimine
272 2501 453 2568 roboratas.
469 2499 588 2566 Datum
606 2519 664 2585 per
680 2519 793 2569 manus
813 2499 946 2570 disereti
964 2497 1026 2566 viri
1042 2499 1190 2584 magistri

67 2607 219 2696 Gregorii
242 2608 395 2676 Aliensis
421 2607 574 2677 Eoolesio
596 2609 722 2694 Eleeti,
749 2607 860 2678 diieoti
885 2615 918 2674 et
943 2605 1050 2674 tidelis
1075 2606 1188 2692 nostri,

67 2738 154 2784 anno
169 2715 305 2784 Domini
321 2717 371 2783 n⁰
387 2713 460 2784 00⁰
475 2717 688 2801 nonagesimo
712 2717 870 2804 septimo,
897 2715 1103 2800 quindecimo
1127 2716 1186 2782 ka-

67 2823 183 2893 lendas
201 2823 404 2907 Novembris,
429 2825 534 2909 Regni
550 2833 658 2892 autem
674 2825 777 2892 nostri
793 2829 920 2894 oetaeo.

312 3039 458 3111 (Eredetie
472 3040 604 3116 Soprony
617 3040 702 3100 viros
715 3037 936 3109 levslttrtban.)

615 3333 760 3342 ·—--.—.....-
