3094 5168
613 969 690 1040 128·

81 1167 133 1234 Ae
149 1169 334 1258 caterpami
347 1166 503 1258 kdptolcm
519 1154 790 1256 hicenpedpleoele,
806 1166 885 1254 iopy
901 1167 1061 1254 Koamep
1075 1163 1210 1254 helyseo

128 1278 188 1344 ben
203 1277 287 1344 beroe·
308 1277 538 1346 indecentiae
547 1275 680 1365 folytdn
696 1277 881 1366 incorporae
897 1285 1049 1344 tartotott.
1069 1276 1166 1342 1298.

486 1475 814 1544 Ano.

193 1641 262 1707 Noe
273 1637 460 1726 capitulum
469 1637 622 1706 Ecoleeie
637 1635 875 1724 Strigonieneie
884 1637 1039 1706 memorie
1052 1655 1212 1706 commen·

83 1743 206 1814 donico
226 1747 451 1832 significamus
466 1745 584 1830 qnibne
600 1745 735 1833 expedit
750 1745 911 1816 universio
929 1745 1134 1836 presencium
1153 1765 1212 1832 per

82 1861 246 1940 tenorem,
263 1853 437 1939 quodcum
452 1855 546 1922 iuxtn
561 1853 803 1922 continenciam
819 1853 1002 1922 litterarum
1017 1855 1137 1924 nobilio
1149 1855 1213 1924 viri

82 1965 224 2034 Comitio
233 1964 407 2034 Benedicti
416 1964 649 2036 Wioe-Judicie
665 1964 764 2032 Corio
781 1963 904 2033 donnini
914 1965 1017 2052 Regin
1033 1965 1068 2032 in
1084 1966 1212 2032 octavio

83 2074 188 2161 medij
204 2077 332 2144 Xlrnre
346 2076 506 2162 magister
514 2075 666 2143 Andrean
681 2073 768 2142 filine
783 2073 912 2144 Nicolci
927 2073 969 2141 de
984 2073 1079 2162 Zynd
1094 2074 1137 2142 ab
1148 2092 1215 2140 vna

83 2189 195 2269 parte,
211 2183 384 2254 Pannonne
401 2188 434 2252 ot
449 2186 606 2254 Nicolcue
622 2182 740 2254 Comen
757 2183 800 2252 de
815 2183 1000 2268 Ohclnrnin,
1016 2183 1109 2251 Beke
1125 2181 1213 2252 tilius

85 2289 238 2360 eiusdem
262 2291 401 2361 Gomitie
425 2292 556 2360 Nicolni
581 2313 641 2380 pro
665 2313 702 2360 ne
718 2298 750 2361 et
765 2312 826 2379 pro
842 2291 1000 2360 Latiielno
1023 2292 1125 2360 fratre
1141 2311 1215 2377 eno,

85 2399 227 2470 Aterion
251 2399 337 2470 filine
352 2399 524 2487 Felicinni,
540 2409 572 2468 et
597 2401 766 2471 Johcnnee
792 2400 877 2468 filine
903 2401 1079 2468 Lcnrencii
1094 2401 1137 2469 dc
1161 2422 1214 2468 en-

87 2508 185 2592 dem,
212 2507 424 2594 presentibus
444 2507 643 2592 testimonije
669 2507 847 2576 nostriset
873 2505 1002 2576 duobne
1028 2505 1215 2578 horninibus

87 2615 215 2684 donnini
231 2616 334 2702 Regin
350 2635 448 2702 snper
462 2615 581 2686 faciem
598 2623 686 2684 terre
705 2616 916 2686 contencione
931 2617 1084 2702 Kocrzeg
1098 2626 1216 2686 roceto

87 2726 310 2810 personaliter
327 2725 487 2796 accedere
508 2727 720 2814 debuissent,
737 2725 991 2798 advenientibus
1007 2727 1117 2811 itnqne
1132 2727 1215 2812 ipsis

89 2834 221 2902 octavio
237 2835 339 2920 medij
356 2834 494 2920 XL-me,
506 2835 666 2920 magister
682 2836 843 2918 Andreae,
859 2851 1003 2901 vnacum
1013 2833 1137 2902 Oomite
1154 2836 1215 2902 Bu·

88 2943 159 3027 gud
175 2941 309 3010 homine
325 2943 449 3011 donnini
459 2943 561 3027 Regin
571 2949 606 3010 et
622 2943 810 3012 testimonio
826 2948 952 3028 nostro,
970 2941 1129 3008 videlicet
1144 2944 1215 3012 Gle-

89 3058 200 3118 mente
224 3053 400 3120 secerdote
424 3053 468 3119 de
493 3053 682 3121 Kernenche
706 3055 750 3121 ab
766 3074 832 3122 vnn
848 3057 965 3139 parte,
994 3052 1167 3122 Pannenun
1185 3061 1217 3119 et

89 3161 251 3227 Nicolnns
277 3162 396 3230 Oomee
424 3161 466 3229 de
484 3161 658 3230 contenta
668 3213 678 3249 ,
703 3162 794 3230 Beke
810 3162 896 3230 filino
912 3160 1058 3230 einedem
1075 3161 1217 3242 Nicolci,

90 3289 150 3354 pro
160 3287 206 3335 ¹nc
222 3277 257 3336 ct
270 3290 331 3355 pro
346 3253 503 3338 Lndisico'
528 3272 628 3340 fratre
644 3290 715 3359 suo,
732 3273 869 3341 Alexinn
893 3269 979 3339 fliius
995 3269 1167 3355 Felicieni,
1185 3280 1219 3338 et

90 3376 265 3446 Johonnee
275 3377 363 3446 filine
381 3379 554 3448 Lourencii
566 3381 608 3449 dc
624 3379 740 3448 eadem
755 3401 895 3450 vnacnm
906 3379 1033 3448 Oomitc
1050 3379 1218 3467 Stephano

89 3485 159 3552 filio
174 3487 250 3554 Aba
265 3486 305 3553 de
321 3487 495 3575 Zelethnc,
519 3486 671 3558 similiter
685 3488 818 3558 homine
833 3486 957 3556 domini
977 3489 1087 3574 Regis,
1104 3494 1139 3556 ct
1152 3488 1217 3557 Do·

90 3593 214 3660 minieo
228 3594 402 3679 ,secerdote
418 3597 460 3664 de
485 3599 627 3684 Nyenye
644 3597 833 3666 testimonio
849 3605 961 3665 nostro
987 3616 1029 3664 ex
1045 3597 1162 3679 altera,
1179 3599 1219 3665 ni-

92 3707 147 3766 cnt
162 3699 277 3770 cedern
291 3710 403 3790 purten
419 3711 452 3771 et
476 3703 623 3774 homines
640 3704 764 3774 domini
779 3707 881 3794 Regin
897 3713 932 3773 et
956 3702 1147 3774 testimonie
1163 3727 1219 3772 no·

92 3815 165 3878 stre
192 3807 236 3876 od
260 3815 404 3878 nostram
430 3814 638 3898 presenciam
664 3816 885 3901 personaliter
904 3815 1108 3882 accedentes
1125 3815 1219 3881 nobie

92 3917 302 3987 concorditer
325 3920 523 4007 recitarunt,
549 3921 593 3990 ed
617 3922 810 4008 predictam¹
826 3931 948 3991 terrem
975 3923 1221 3992 contencioeom

91 4027 250 4114 Koarneg
260 4025 731 4100 accedenteercombnlennent
747 4033 889 4100 condem
905 4034 1000 4100 iuxta
1015 4041 1145 4099 ueteres
1156 4051 1220 4098 rne-

91 4145 144 4206 tan
155 4145 188 4207 et
198 4138 361 4225 antiquae,
373 4141 466 4208 iuxta
476 4139 613 4207 formem
624 4140 791 4226 privilegii
801 4141 928 4209 domini
938 4140 1039 4226 Regis
1048 4141 1127 4208 Bele
1138 4139 1221 4207 inibi

92 4265 151 4330 per
166 4245 360 4332 magistrum
378 4245 546 4316 Andr-eam
563 4248 723 4328 exhibiti,
740 4258 839 4334 prout
855 4252 888 4316 in
905 4249 1021 4317 eodem
1044 4249 1220 4335 privilegio

99 4353 181 4420 Bcle
191 4354 404 4441 Regieeupcr
420 4356 496 4442 ipnn
506 4362 594 4424 terre
604 4353 890 4443 Konrzegnoccte
903 4355 1052 4424 coniecto
1063 4355 1224 4422 uidissent

93 4461 313 4533 limitocionce
329 4471 363 4532 ct
377 4464 535 4534 terminon
550 4465 728 4534 eorundem
746 4471 907 4534 metarum
924 4463 1107 4546 contineri,
1126 4470 1223 4548 prout

95 4589 210 4641 cnrnun
227 4581 388 4644 metarum
403 4573 437 4642 in
453 4573 601 4662 predicto
618 4575 819 4658 transcripto
843 4570 1009 4660 priuilegii
1025 4569 1149 4639 domini
1164 4572 1224 4638 Rc·

93 4678 143 4766 gin
167 4683 250 4750 Bcle
277 4685 341 4752 enh
372 4681 483 4770 sigillo
508 4681 666 4770 pendenti
691 4682 838 4769 Capituli
866 4679 1052 4747 Wecienere
1083 4677 1224 4746 uidimus

145 4807 574 4852 nomnurn.msn.-n1rnnn
1018 4788 1062 4852 13
