3144 5180
892 323 934 386 56

827 413 987 426 *-

346 520 407 586 erit
423 541 481 606 pro
500 521 616 588 eodem
637 524 768 589 domino
786 541 845 588 sno
862 524 961 588 Petro
977 523 1107 589 (inmite
1132 523 1299 590 antedicto
1309 571 1318 604 ,
1336 539 1474 606 quorum

344 648 438 710 uuus,
455 629 581 697 scilicet
596 633 714 698 Petrus
725 631 943 719 postmodum,
962 632 1077 698 ecdem
1087 629 1213 698 Gemite
1227 633 1325 699 Petro
1342 630 1384 696 de
1401 629 1472 695 vin-

345 741 427 806 culis
445 739 603 822 liberato,
633 742 749 809 eodem
776 744 931 827 paruulos
948 763 969 808 a
986 742 1180 808 dcteucione
1200 739 1367 810 obsiduum
1386 735 1473 824 (lgy)

347 847 508 914 redimere
523 868 588 915 non
606 857 752 930 curante,
764 851 938 934 peripsum
955 851 1108 917 Ocsmam
1121 849 1362 918 mutilacionem
1373 867 1471 916 exee-

345 956 396 1044 pit
410 955 506 1024 unius
522 955 637 1041 digiti,
664 960 749 1024 alter
766 979 854 1041 uero,
870 958 1028 1024 videlicet
1043 961 1220 1039 Johaones,
1239 957 1391 1024 similiter
1409 976 1473 1040 per

347 1067 477 1134 eunden
489 1067 643 1134 Casinam
654 1071 753 1134 uitam
770 1069 1034 1152 fininsriteapite
1045 1071 1259 1155 detruncato,
1278 1069 1393 1136 volens
1410 1067 1474 1150 igi-

346 1181 399 1240 tur
416 1173 502 1239 idern
519 1175 634 1243 Comes
652 1177 767 1242 Petrus
778 1175 1063 1260 decapitacionem
1081 1185 1111 1242 ct
1129 1177 1368 1243 mutilacionem
1385 1175 1474 1242 filio·

348 1303 417 1350 rum
435 1283 557 1367 prefati
574 1285 712 1371 Georgij
725 1285 1030 1369 recompensacione
1047 1293 1080 1350 et
1097 1285 1329 1352 satisfaccione
1345 1284 1474 1370 aliqua-

348 1391 424 1458 liter
438 1399 644 1479 restaurare,
674 1397 839 1480 quandam
864 1403 986 1461 terram
1014 1413 1108 1462 suam
1124 1395 1301 1479 Kusvista,
1326 1395 1377 1462 uel
1400 1394 1471 1460 alio
1548 1405 1549 1448 l

347 1501 478 1570 nomine
494 1499 635 1571 Kusloln
653 1509 816 1586 uocatam,
834 1503 1026 1570 existentem
1053 1511 1184 1591 aparte
1209 1503 1358 1572 orientali
1379 1503 1475 1568 inter
1548 1503 1549 1506 ’

347 1617 453 1678 terras
469 1608 576 1676 castri
587 1611 797 1678 Posonicnsis
815 1613 910 1679 Vista
920 1617 1067 1694 uocatas,
1085 1621 1209 1697 aparte
1225 1632 1305 1679 nero
1320 1611 1474 1678 occiden·
1548 1605 1549 1666 l

348 1717 407 1784 tali
424 1719 507 1784 inter
524 1725 629 1787 terras
646 1739 725 1788 snas
742 1721 837 1786 Visla
853 1727 1001 1804 uocatos,
1018 1741 1089 1790 cnm
1106 1718 1256 1788 omnibus
1274 1720 1474 1788 utilitatibus

349 1830 425 1913 suis,
438 1830 594 1898 videlicet
603 1829 704 1915 siluis,
722 1831 917 1914 nemoribus,
928 1831 1089 1917 virgultis,
1107 1831 1235 1916 senatis,
1253 1851 1292 1897 ac
1308 1829 1382 1914 alijs
1397 1848 1474 1912 per·
1548 1833 1549 1844 ’

349 1935 502 2023 tineucijs
518 1939 693 2020 uniuersis,
706 1937 812 2004 eidem
829 1939 986 2024 Georgio,
1003 1945 1036 2002 ct
1051 1959 1111 2022 per
1127 1959 1198 2004 cnm
1216 1939 1285 2004 suis
1294 1935 1472 2005 heredibus

353 2045 575 2129 heredumque
592 2065 721 2112 suornm
739 2046 986 2112 successoribus
1003 2046 1114 2128 dedit,
1136 2047 1274 2113 cuntulit
1289 2051 1322 2112 et
1336 2043 1476 2112 donauit

352 2163 508 2238 perpetuo
534 2153 789 2239 possidendam,
817 2163 971 2238 presente
998 2161 1030 2219 et
1055 2156 1233 2220 assistente
1249 2153 1383 2236 Thoma,
1402 2151 1473 2218 filiu

351 2262 486 2330 Comitis
503 2262 662 2346 Tiburcij,
679 2263 789 2328 fratris
807 2263 869 2346 sui,
881 2264 936 2345 qui
951 2260 1136 2330 huiusmodi
1152 2260 1319 2328 donationi
1335 2280 1471 2328 cousen-

353 2391 424 2438 sum
441 2392 535 2440 sunm
552 2373 682 2458 prebuit
698 2380 730 2436 et
746 2392 928 2453 assensum,
951 2371 1006 2457 ita,
1023 2373 1110 2456 quod
1127 2371 1168 2437 de
1184 2377 1294 2436 cetero
1313 2391 1375 2438 nee
1391 2379 1472 2454 lpse,

354 2498 415 2546 nec
429 2479 488 2568 filij
507 2482 576 2562 sui,
595 2501 655 2546 nec
672 2481 775 2564 aliqui
802 2481 844 2545 de
871 2479 1071 2561 cognacioue
1087 2499 1147 2546 sua
1163 2480 1269 2565 ipsam
1286 2485 1408 2546 terram
1430 2475 1471 2543 ab

355 2589 471 2655 eodem
489 2587 639 2673 Georgiq
658 2597 715 2654 aut
730 2589 807 2674 filijs
824 2590 877 2654 uel
894 2589 1145 2672 posteritatibus
1161 2589 1230 2654 suis
1246 2589 1376 2674 possint
1395 2607 1470 2670 qno-

357 2697 519 2780 qncmodo
531 2698 686 2780 alienare,
698 2699 750 2763 nel
763 2697 796 2764 in
812 2697 939 2762 irritum
950 2717 1116 2779 reuocare,
1133 2696 1310 2780 obligando
1330 2715 1374 2779 se,
1388 2695 1473 2779 quod

355 2808 554 2891 quicumque
566 2825 723 2889 processu
734 2811 915 2890 temporum
932 2805 973 2871 dc
990 2805 1165 2872 heredibus
1182 2813 1239 2873 aut
1251 2806 1472 2890 generacioui-

353 2918 414 2982 bus
431 2915 508 2996 suis,
526 2914 664 2980 candem
681 2921 804 2979 terram
821 2916 863 2978 ab
880 2916 953 2998 ipso
970 2914 1122 2998 Georgio,
1142 2917 1194 2980 uel
1211 2915 1388 2986 heredibus
1405 2913 1470 2980 suis

354 3025 514 3107 alienare,
531 3029 589 3088 ant
604 3020 731 3089 irritare
751 3021 889 3089 forsitan
907 3028 1158 3108 attemptarent,
1185 3023 1406 3106 alienatores,
1421 3022 1472 3086 uel

355 3134 537 3202 irritatores
550 3129 735 3198 huiusmodi
745 3129 938 3198 donacionis
950 3131 1057 3196 eidem
1068 3129 1223 3215 Georgia,
1240 3130 1293 3198 nel
1305 3149 1472 3198 suceesso-

357 3241 445 3308 ribus
463 3239 531 3308 suis
548 3240 758 3306 taxaoiouem
775 3240 1011 3323 quinquaginta
1036 3257 1229 3322 marcamm,
1247 3239 1364 3323 quihus
1384 3237 1473 3305 deoa-

356 3347 476 3436 pitacio
494 3357 525 3415 et
541 3347 708 3414 mutilacio
730 3347 826 3432 digiti
843 3347 980 3414 filiorum
997 3347 1160 3434 sepedicti
1177 3347 1313 3433 Georgij
1330 3366 1388 3432 per
1404 3366 1472 3430 pro·

356 3459 468 3524 borum
496 3457 637 3523 virorum
662 3454 834 3521 arbitrium
852 3463 904 3522 cst
920 3463 1053 3538 taxata,
1084 3457 1215 3522 soluere
1233 3460 1413 3522 tencantur.
1439 3453 1472 3518 ln

359 3565 450 3632 cuius
467 3565 515 3630 rel
530 3565 718 3630 memoriam
735 3571 904 3648 presentes
921 3564 1140 3634 concessimus
1156 3565 1285 3632 litteras
1302 3564 1404 3648 sigilli
1421 3583 1472 3628 no-

358 3671 416 3738 stri
443 3671 620 3738 munimine
640 3671 823 3736 roboratas.
850 3672 971 3739 Datum
987 3675 1019 3739 in
1046 3673 1130 3739 festo
1156 3671 1349 3739 Natiuitatis
1374 3672 1472 3738 Beate

358 3779 502 3864 Virginis
519 3779 667 3847 Gloriosa
687 3800 775 3848 anno
792 3781 924 3846 Domini
940 3777 997 3850 M⁰.
1016 3778 1094 3850 00⁰.
1112 3775 1309 3848 Lxxxxl’.

360 3973 491 4046 (Hdrtya.
516 3975 542 4029 A
555 3973 670 4046 penset,
693 3975 767 4046 mely
781 3974 1014 4046 hairtyaszsleteu
1037 3977 1172 4051 suggest,
1195 3978 1278 4032 niues
1293 3993 1357 4050 meg
1376 3973 1470 4031 tbbbc'..

360 4063 643 4140 Pozsonyktptalani
664 4065 800 4137 orsudgos
823 4065 953 4124 levdltdr.
978 4066 1075 4140 Capsa
1095 4067 1172 4124 XIV.
1192 4071 1275 4124 Fusa.
1299 4069 1341 4125 10.
1362 4069 1420 4123 Nro
1433 4066 1471 4122 30.

869 4153 981 4226 Kucua.)

792 4418 1048 4432 m....,--
