3072 5168
843 267 1003 373 -⁷.⁶-

365 465 512 534 omuibus
527 465 726 535 utilitatibus
741 465 821 551 suis,
838 466 992 534 uidelicet
1007 470 1098 554 ortis,
1114 467 1286 554 fructibus,
1307 471 1407 553 siluis,
1419 490 1462 537 ns-

363 575 520 659 moribus,
538 576 643 662 pratis
652 625 662 660 ,
679 577 810 662 tenetis,
827 576 972 662 piscinis,
989 577 1096 663 aquis,
1113 577 1193 645 locis
1213 578 1461 657 molendinorum,

365 687 460 752 terris
476 685 658 752 arabilibus
674 693 708 751 et
723 705 787 753 nou
803 684 1006 771 arabilibus,
1021 689 1154 772 pascuis
1174 707 1348 774 pecorum,
1362 687 1462 772 lapidi-

365 793 438 875 bus,
452 793 671 862 arundinibus
687 801 721 863 et
735 793 926 862 attinenciis
950 795 1018 862 suis
1043 795 1203 863 uniuersis
1228 795 1372 880 predicto
1386 797 1462 864 Book

362 907 503 987 cognato
518 903 675 989 ipsorum,
686 909 786 989 etper
802 923 875 971 eum
890 903 959 970 suis
975 902 1163 986 heredibus,
1173 902 1391 987 heredumquu
1404 923 1462 973 suo·

363 1032 434 1080 rum
450 1013 698 1081 successoribus
723 1013 854 1080 racione
870 1013 1090 1100 proximitatis
1117 1019 1150 1078 et
1168 1019 1327 1099 perpetue
1351 1011 1463 1080 uuiouis

363 1120 476 1189 babite
493 1122 579 1188 iuter
593 1123 686 1207 ipsos
702 1121 942 1206 assignassent,
959 1121 1186 1207 reliquissent,
1210 1129 1246 1189 et
1264 1120 1463 1190 tradidissent

364 1237 520 1316 perpetuo
536 1239 568 1298 et
592 1229 847 1300 irreuocabiliter
862 1230 1107 1319 possidendam,
1123 1229 1300 1318 obligando
1316 1250 1354 1298 se
1363 1282 1373 1316 ,
1390 1231 1461 1315 quod

364 1339 548 1424 quicunque
563 1359 718 1426 processu
735 1345 915 1426 temporum
930 1341 1036 1426 ipsum
1051 1339 1146 1408 Boclx
1162 1348 1220 1407 aut
1234 1359 1329 1408 suam
1344 1343 1462 1426 posteu'-

363 1453 466 1514 tatsm
482 1469 539 1532 pro
563 1449 639 1536 ipsa
655 1455 772 1531 quarta
797 1456 892 1534 parte
908 1447 1053 1534 predicte
1078 1454 1165 1516 terre
1181 1449 1312 1518 Turnus
1327 1449 1461 1518 Ghoudol

363 1561 481 1622 uocate
498 1554 599 1623 uellet
623 1557 771 1643 inpetere
795 1555 848 1624 vel
864 1575 1004 1639 vexare,
1030 1563 1150 1624 extunc
1174 1556 1314 1624 cundem
1340 1558 1463 1625 Boclet

363 1683 454 1730 suam
471 1663 693 1750 posteritatem
710 1664 830 1750 prelati
846 1664 1054 1750 Benedictus,
1071 1662 1209 1750 Egidius
1225 1672 1259 1732 et
1276 1665 1417 1734 Mathiss
1430 1686 1462 1732 sc

362 1770 421 1856 alij
438 1773 571 1858 cognati
596 1772 773 1841 eorundem
798 1773 994 1842 tenebuntur
1009 1772 1165 1860 expedire
1189 1771 1333 1861 proprijs
1359 1775 1461 1842 labori·

362 1882 434 1965 bus,
452 1888 484 1949 et
499 1883 665 1968 expensis.
691 1885 730 1948 Iu
746 1883 839 1968 cujus
856 1883 904 1948 rei
921 1882 1109 1948 memoriam
1125 1880 1168 1947 ad
1190 1881 1383 1966 peticionem
1399 1881 1460 1949 utri-

362 2011 466 2074 usque
490 1993 594 2077 partis
619 1997 789 2078 presentes
814 1997 946 2059 nostras
973 1989 1194 2060 concessimus
1219 1991 1348 2060 litteras
1373 1989 1458 2077 sigilli

362 2100 463 2166 nostri
479 2100 658 2169 munimine
673 2100 857 2169 roboratas.
882 2099 978 2167 Auno
996 2099 1129 2168 Domini
1143 2101 1303 2171 milesimo
1327 2100 1460 2170 ducente·

362 2209 443 2275 simo
459 2209 673 2294 nonagesimo
689 2208 841 2292 secundo,
857 2207 891 2275 in
907 2207 1036 2276 Octava
1051 2209 1211 2277 cinerum.

785 2353 1062 2424 AOD.

361 2565 513 2638 (Hdrtybm
519 2567 767 2641 Hotymainegen
776 2563 845 2641 fitgg
855 2565 978 2639 apecsdt
987 2565 1417 2640 coroddaPozsonyktptslmi
1427 2585 1460 2621 or·

360 2655 463 2729 sarigas
477 2654 600 2714 lcvdltdr
609 2655 704 2727 Capsa
713 2655 790 2714 xlv.
801 2656 884 2713 Face.
895 2658 936 2714 18.
949 2654 984 2712 Ν.
1000 2658 1041 2712 12.
1054 2655 1085 2712 ds
1097 2673 1223 2728 ugyanc
1236 2656 1335 2730 Capsa
1347 2656 1378 2712 e's
1390 2659 1459 2713 Fasc.
1521 2641 1522 2668 ¹

364 2747 460 2802 lr-dik
474 2744 578 2804 sudma.
592 2749 619 2804 Α
633 2745 760 2802 mteodik
774 2744 902 2820 peldduy
914 2746 985 2804 icliil
1003 2749 1068 2803 levd
1082 2747 1108 2802 A
1121 2747 1260 2816 01)-νεί,
1280 2749 1392 2818 melyclr
1406 2765 1460 2818 egy-

360 2837 504 2894 beillcnelx
514 2837 615 2910 jelelll,
629 2835 707 2911 hogy
716 2851 870 2910 egysuerre
879 2837 988 2894 bubali
1001 2856 1015 2892 s
1026 2855 1060 2892 aa
1074 2838 1161 2912 cgyilx
1170 2836 1295 2908 pdldduy
1309 2858 1327 2894 a
1339 2836 1460 2895 felckncl

521 2925 659 2983 biadatva
671 2926 767 2984 idiivel
779 2926 864 2985 ismdt
876 2945 891 2984 c
904 2925 1067 2986 lavdltdrba
1078 2927 1182 2986 kerlilt.
1202 2929 1315 2998 limus.)
