3072 5168
843 297 996 404 -so—

360 512 483 584 obaolis
513 511 717 600 Archangeli
748 532 835 581 anno
860 511 991 580 Domini
1022 511 1197 580 millesimo
1221 513 1303 583 Οὔ·
1332 529 1473 598 nonage-

361 619 446 690 simo
470 619 581 687 toreio.

359 831 503 906 titredetie
516 851 535 893 a
547 833 654 893 'Forma
665 834 830 910 nemnetadg
842 831 1044 997 le'r‘dlttr3bsn
1057 833 1377 892 (trisse-ueremuron.
1389 834 1465 892 snos

892 927 974 996 orotp.

889 1821 948 1892 ⁸8.

358 2041 485 2129 Kosodp
500 2041 574 2122 Pctl,
587 2039 691 2107 otas
706 2043 739 2108 a
753 2039 864 2107 Falesia
879 2039 981 2106 Jonoa
989 2037 1170 2127 sobporosek
1179 2039 1296 2106 otkent
1313 2037 1462 2126 oppositos¹

357 2151 417 2216 nole
433 2172 454 2213 a
469 2152 616 2236 pozsonyi
631 2149 787 2236 kdptalon
812 2147 885 2212 eluet
901 2170 922 2208 a
937 2146 1056 2212 dionaei
1070 2149 1102 2211 ee
1125 2147 1257 2211 miserti
1282 2143 1463 2226 matut,

357 2259 437 2346 bopy
453 2281 491 2322 oz
507 2254 668 2344 olperesek
682 2280 703 2320 a
719 2253 882 2322 otletlentl
905 2255 1016 2340 mopblt
1032 2255 1136 2319 Joooo
1150 2254 1342 2320 rolooooloert
1355 2255 1377 2318 6
1390 2256 1463 2339 ptrue

758 2361 937 2450 fizeasenolo.
964 2363 1060 2428 1293.

463 2563 630 2633 Vniuersis
646 2559 770 2632 Christi
785 2557 936 2629 fidelibus
953 2563 1122 2644 presentes
1138 2557 1263 2629 litteras
1278 2559 1464 2650 inspeotnris

358 2674 544 2760 Capitulum
569 2671 721 2742 Eeelesie
745 2668 958 2739 Posoniensis
984 2669 1157 2736 orationes
1182 2668 1216 2734 in
1231 2668 1373 2737 Domino
1396 2671 1464 2738 Jesu

364 2782 505 2852 christo
529 2782 583 2851 Ad
597 2780 820 2852 vniuersorum
848 2778 1002 2846 notioiam
1021 2783 1137 2845 tenore
1159 2777 1364 2863 presencium
1388 2776 1465 2845 voiu-

360 2909 431 2958 mus
457 2888 648 2975 peruenire,
674 2888 763 2972 qnod
788 2885 973 2956 constitutis
1000 2883 1220 2971 personaliter
1246 2905 1359 2954 eoram
1381 2885 1463 2954 nobis

358 2999 462 3066 Paulo
476 2997 543 3066 filio
559 2999 677 3067 Gosme
694 2996 737 3062 de
753 2993 879 3062 Kosodi
894 3013 953 3080 pro
970 3014 1007 3061 se
1024 3001 1058 3061 et
1073 3013 1132 3080 pro
1150 2992 1284 3062 domina
1300 3013 1401 3064 vxore
1414 3011 1464 3059 sua

243 3107 247 3117 '
358 3105 465 3174 Florio
482 3105 623 3190 nomino,
640 3101 860 3172 Oliueriofilio
877 3100 1072 3190 Lodomerij,
1085 3101 1236 3172 Jobanne
1253 3102 1342 3174 dioto
1353 3101 1462 3173 Fekete

358 3209 425 3281 tilio
450 3213 622 3281 Michaelis
657 3213 776 3282 nobilis
800 3210 842 3280 de
867 3213 993 3282 Wooba
1024 3215 1067 3280 ab
1096 3231 1181 3296 una,
1207 3213 1345 3299 Dytrioo
1368 3210 1462 3278 villino

359 3319 482 3404 (iunoh,
499 3319 624 3387 Jaeobo
638 3317 791 3389 tietfrido
807 3321 849 3388 de
865 3321 946 3388 villa
956 3320 1103 3408 Dyenos,
1120 3321 1196 3386 item
1214 3319 1352 3388 Niooiao
1367 3317 1462 3388 villico

361 3425 404 3494 eie
419 3425 537 3512 Miser,
563 3425 734 3495 Horbordo
750 3449 810 3514 pro
827 3449 864 3496 se
879 3435 913 3494 et
927 3449 987 3516 pro
1004 3428 1083 3516 filijs
1099 3425 1167 3495 suis
1183 3435 1216 3495 ot
1231 3427 1384 3514 cognatis
1405 3424 1462 3493 suis

359 3533 401 3602 ab
418 3535 533 3618 altera,
549 3531 649 3622 ijdem
664 3533 805 3621 Paulus,
823 3533 1005 3619 Oliuerius,
1029 3535 1199 3602 Jobannos
1218 3533 1345 3604 Fekete
1363 3553 1460 3622 prono

359 3641 474 3709 minati
489 3641 615 3711 nobiles
630 3641 774 3730 confessi
798 3651 875 3712 sunt
891 3643 969 3710 vius
984 3663 1085 3730 roeo,
1103 3643 1188 3728 quod
1209 3641 1288 3710 lieet
1304 3651 1391 3710 nrota
1405 3643 1460 3709 ine·

359 3748 402 3815 rit
417 3750 555 3816 materia
579 3750 759 3834 questionis
776 3754 860 3818 inter
885 3751 974 3837 ipsos
991 3771 1089 3838 super
1111 3756 1217 3819 morte
1242 3751 1401 3820 Johanuis
1414 3743 1461 3829 fiiij

358 3856 503 3940 Itemerij
522 3854 607 3944 (tgy)
625 3858 756 3944 cognati
772 3859 916 3945 ipsorum
934 3859 1028 3928 illata
1043 3857 1221 3927 casualiter
1236 3879 1295 3944 por
1312 3858 1462 3946 prediotos

359 3963 452 4031 eiues
468 3963 511 4031 de
527 3965 662 4051 Dyonus
678 3972 712 4032 et
728 3967 769 4035 de
786 3967 902 4051 Miser,
927 3987 968 4033 ae
988 3967 1045 4036 diu
1061 3967 1175 4035 ordine
1190 3965 1363 4035 iudiciario
1378 3969 1461 4034 aiter·

360 4071 428 4139 eati
445 4071 596 4159 inissent,
612 4081 721 4142 tamen
737 4075 781 4143 ad
795 4075 942 4142 vltirnunu
959 4075 1180 4145 mediantibus
1195 4077 1308 4164 probis
1324 4075 1409 4158 viris,
1423 4075 1459 4140 vi-

361 4179 485 4249 delieet
499 4180 624 4250 Jaoobo
641 4189 673 4248 et
698 4182 799 4251 tratre
815 4203 874 4253 suo
891 4185 989 4253 Petro
1005 4185 1195 4270 Gemitibus,
1220 4185 1346 4254 Gemite
1359 4185 1460 4251 Foroa-

365 4287 415 4355 sio
432 4295 464 4356 et
480 4289 637 4376 magistro
654 4287 749 4359 Petro
765 4292 866 4360 tiutre
882 4290 1046 4377 eiusdem,
1073 4291 1229 4361 Herelino
1244 4291 1363 4361 Jndioe
1377 4293 1459 4359 Poso-

362 4394 475 4462 niensi
484 4443 494 4479 ,
509 4395 632 4462 Jaeobo
649 4399 783 4483 antiquo
798 4399 915 4466 Judioe
931 4399 1183 4485 arbitrantibus,
1210 4401 1243 4466 in
1260 4403 1359 4469 talem
1381 4399 1456 4485 paois

362 4501 569 4569 eonoordian
585 4501 813 4591 deperissent,
840 4507 927 4590 quod
943 4507 1082 4591 predioti
1107 4507 1255 4595 hospites
1284 4509 1326 4576 do
1343 4507 1454 4595 manus

365 4605 456 4679 etde
479 4609 579 4680 itiner
602 4631 663 4698 pro
689 4623 792 4682 morte
815 4613 956 4702 prodieti
979 4613 1143 4686 iohannis
1166 4621 1297 4690 soluere
1318 4617 1454 4691 deberent
