3094 5168
563 323 723 430 Qe-

80 503 130 588 Mo·
143 522 215 591 00⁰
240 525 457 610 nonagesimo
483 524 631 610 septimo.
654 523 813 610 Magistro
830 527 933 592 Paulo
949 523 1112 608 (lentore,
1137 543 1202 618 ma·

79 633 182 716 gistro
199 633 362 718 Gregorio
380 633 541 711 Custode,
557 634 711 702 iohanne
727 634 883 720 Decauo,
913 634 1084 721 Nycolao,
1101 633 1202 700 Luca·

80 740 153 806 obio
171 747 205 808 et
230 739 366 808 Andrea
390 741 643 824 sacerdotibus,
668 741 815 828 Thema,
841 741 987 824 iacebo,
1004 739 1153 827 Nycolao
1169 746 1203 807 et

79 850 177 918 Petro
194 848 376 934 magistris,
393 849 575 934 ceterisque
593 847 767 918 Oanouiois
783 847 1014 918 existentibus.

78 1043 183 1114 (Erede
198 1043 225 1098 ie
239 1061 257 1100 a
269 1043 365 1116 Rumy
378 1043 479 1102 csalad
492 1042 713 1112 leveltaribau,
733 1043 875 1103 masolata
888 1064 906 1102 c
919 1062 1039 1118 magyar
1051 1044 1202 1102 abedemia

505 1131 777 1202 herirat-taratara

531 1433 762 1448 m

606 1985 675 2053 trs.
758 1993 763 2004 '

77 2185 216 2249 Kosmas
231 2183 312 2272 prof
322 2183 446 2249 aetolos
461 2187 567 2271 oppda
579 2183 690 2270 Hoopo
716 2183 851 2248 birtolcot
867 2184 962 2248 Peter
985 2182 1123 2270 profanis
1147 2183 1200 2248 ba·

120 2299 387 2381 pyomdnyosodn‚
404 2293 516 2359 bazola
531 2297 610 2360 croc
626 2297 695 2378 oejc
712 2303 757 2358 cst
772 2291 898 2380 belyben
913 2293 1039 2381 bopyjo.
1056 2295 1155 2360 1297.

186 2493 257 2560 Nos
273 2489 461 2578 Capitulum
486 2489 635 2560 Ecclesie
658 2489 870 2558 Posouiensis
894 2488 1118 2576 significamus
1134 2490 1201 2556 uni-

76 2601 207 2685 uersis,
228 2600 346 2684 quibus
372 2600 507 2686 expedit
533 2621 593 2686 per
610 2605 789 2685 presentes,
815 2599 902 2682 quod
926 2598 1044 2667 nobilis
1069 2598 1200 2666 domina

77 2708 258 2776 Elisabeth
271 2703 358 2796 (lgy)
374 2707 491 2774 relicta
508 2707 644 2776 Comitis
664 2707 793 2790 Cosme,
811 2725 874 2789 que
894 2712 1027 2792 propter
1044 2705 1201 2788 exequias

77 2815 192 2881 mariti
209 2815 260 2899 suj
288 2815 423 2883 Comitis
440 2815 557 2882 Cosme
574 2816 733 2900 predicti,
758 2814 876 2898 quibus
899 2813 1042 2898 oportuit
1065 2833 1139 2880 eam
1155 2816 1201 2880 in·

75 2931 208 2992 teresse
217 2973 225 3006 ‚
242 2923 286 2991 ad
303 2925 510 3008 presenciam
529 2921 691 3011 (nostram
706 2921 835 3011 venire)
853 2945 916 2992 uon
933 2927 1061 3011 polujt,
1087 2927 1122 2993 in
1139 2926 1200 2994 lic-

77 3032 188 3099 clesia
204 3033 339 3099 fratrum
355 3033 514 3101 Minorum
540 3053 649 3100 coram
666 3032 798 3102 domino
814 3031 966 3101 Johanne
991 3041 1100 3102 nostro
1117 3035 1201 3102 (lon-

75 3141 241 3218 canonico
267 3147 298 3206 ct
315 3139 465 3207 Ecclesie
491 3146 603 3206 nostre
629 3141 761 3208 Vicario
788 3136 923 3228 (sponte
944 3151 994 3207 est
1020 3135 1200 3227 confessa),

76 3251 168 3334 quod
195 3268 268 3315 oum
286 3249 402 3316 Comes
429 3249 567 3316 (leemas
592 3249 727 3316 maritus
754 3248 883 3318 domiue
910 3249 1055 3333 predicte
1071 3249 1200 3316 decum-

75 3361 163 3424 bens
181 3357 216 3423 in
233 3355 317 3423 lecto
335 3355 550 3442 egritudinis,
578 3363 610 3424 ct
625 3361 777 3425 senciens
803 3357 868 3424 sibi
883 3359 995 3426 mortis
1020 3356 1201 3443 periculum

74 3467 262 3551 irumjuere,
280 3461 398 3533 Oomiti
415 3445 511 3531 Petro
527 3463 594 3531 filio
611 3463 771 3532 (lothardi
794 3485 854 3550 pro
872 3463 940 3532 suis
956 3465 1106 3551 seruicijs
1122 3466 1201 3531 mul·

74 3573 250 3660 tiplieibus
268 3582 299 3638 et
325 3570 488 3639 diuturnis
516 3573 681 3654 quandum
708 3571 952 3656 possessionem
969 3571 1081 3656 Horpo
1104 3592 1200 3641 voea-

74 3691 170 3759 tam,
196 3678 335 3746 sitama
361 3685 457 3765 parte
482 3681 635 3766 orientalj
662 3681 748 3746 inter
773 3681 854 3748 duas
879 3680 975 3747 villas
1001 3682 1143 3768 Raeolyu
1167 3689 1201 3749 et

73 3789 263 3880 Lapychoa
279 3787 325 3874 (l)
342 3797 479 3859 vocatas
489 3841 498 3877 ,
525 3808 638 3857 coram
655 3791 772 3858 eadem
797 3789 930 3858 domina
954 3810 1054 3858 uxore
1079 3809 1139 3858 sua
1155 3793 1199 3857 le·

72 3903 182 3987 gaujt,
200 3917 275 3964 oum
292 3897 444 3965 omnibus
469 3897 667 3966 utilitatibus
693 3905 726 3964 et
740 3899 955 3985 pertinencijs
983 3901 1050 3966 suis
1066 3900 1100 3966 iu
1115 3899 1200 3966 filios

71 4011 220 4076 filiorum
249 4000 438 4091 (perpetuo)
464 4005 721 4091 possidendam
754 4005 906 4091 predicta
930 4015 1038 4074 aulem
1067 4005 1200 4092 domina

72 4116 199 4185 eodem
213 4115 300 4200 jure,
317 4133 380 4198 quo
392 4113 509 4181 Gornes
526 4113 664 4182 cosmas
680 4133 757 4182 suus
774 4115 912 4183 maritus
928 4115 1110 4201 predictam
1125 4133 1200 4201 pos·

73 4227 267 4296 sessionem
298 4219 459 4308 (legatam
476 4217 613 4309 Comiti)
637 4223 734 4291 Petro
750 4223 940 4308 supradicto
965 4223 997 4288 in
1015 4223 1101 4291 filios
1118 4225 1199 4292 lilio-

71 4355 148 4403 rum
166 4333 240 4399 iure
263 4336 422 4417 perpetuo
448 4329 683 4414 possidendam
699 4329 841 4413 legauit,
867 4330 1022 4415 tradidit;
1040 4331 1201 4417 obligauit

72 4441 248 4529 (similiter
265 4435 316 4525 se)
329 4429 367 4505 'et
382 4457 443 4526 pro
467 4439 534 4506 filio
560 4459 619 4505 suo
636 4437 792 4506 Achileus
807 4447 926 4507 vocato
936 4493 945 4527 ‚
966 4439 1049 4522 quod
1067 4441 1199 4526 quicun-

72 4571 138 4634 que
156 4547 322 4618 Comitem
337 4547 470 4613 Petrum
484 4551 617 4616 racione
641 4545 863 4631 possessionis
880 4548 1027 4633 predicte
1044 4569 1198 4634 processu

70 4671 264 4748 temporum
279 4657 440 4742 impetere
464 4655 602 4724 forsitan
618 4659 850 4741 attemptaret,
876 4655 990 4724 eadem
1006 4654 1138 4725 domina
1152 4663 1197 4728 te·
