<?xml version="1.0" encoding="UTF-8"?>
<!DOCTYPE html PUBLIC "-//W3C//DTD XHTML 1.0 Transitional//EN"
    "http://www.w3.org/TR/xhtml1/DTD/xhtml1-transitional.dtd">
<html xmlns="http://www.w3.org/1999/xhtml" xml:lang="en" lang="en">
 <head>
  <title>
</title>
<meta http-equiv="Content-Type" content="text/html;charset=utf-8" />
  <meta name='ocr-system' content='tesseract 3.04.00' />
  <meta name='ocr-capabilities' content='ocr_page ocr_carea ocr_par ocr_line ocrx_word'/>
</head>
<body>
  <div class='ocr_page' id='page_1' title='image "./codexdiplomatic16wenzgoog_0300.png"; bbox 0 0 3082 5166; ppageno 0'>
   <div class='ocr_carea' id='block_1_1' title="bbox 587 950 657 1018">
    <p class='ocr_par' dir='ltr' id='par_1_1' title="bbox 587 950 657 1018">
     <span class='ocr_line' id='line_1_1' title="bbox 587 950 657 1018; baseline -0.014 -3"><span class='ocrx_word' id='word_1_1' title='bbox 587 950 657 1018; x_wconf 71' lang='lat' dir='ltr'><strong>tul.</strong></span> 
     </span>
    </p>
   </div>
   <div class='ocr_carea' id='block_1_2' title="bbox 128 1147 1130 1322">
    <p class='ocr_par' dir='ltr' id='par_1_2' title="bbox 128 1147 1130 1322">
     <span class='ocr_line' id='line_1_2' title="bbox 128 1147 1130 1238; baseline 0.003 -27"><span class='ocrx_word' id='word_1_2' title='bbox 128 1147 189 1214; x_wconf 83' lang='lat' dir='ltr'><strong>ill.</strong></span> <span class='ocrx_word' id='word_1_3' title='bbox 207 1147 316 1213; x_wconf 80' lang='lat' dir='ltr'><strong>Endrc</strong></span> <span class='ocrx_word' id='word_1_4' title='bbox 331 1147 439 1234; x_wconf 72' lang='lat' dir='ltr'><strong>kirtly</strong></span> <span class='ocrx_word' id='word_1_5' title='bbox 453 1149 629 1234; x_wconf 77' lang='lat' dir='ltr'><strong>mepcrdciti</strong></span> <span class='ocrx_word' id='word_1_6' title='bbox 644 1148 786 1236; x_wconf 78' lang='lat' dir='ltr'><strong>Soproup</strong></span> <span class='ocrx_word' id='word_1_7' title='bbox 801 1151 893 1216; x_wconf 76' lang='lat' dir='ltr'><strong>adres</strong></span> <span class='ocrx_word' id='word_1_8' title='bbox 909 1149 1130 1238; x_wconf 78' lang='lat' dir='ltr'><strong>azabadsdpait</strong></span> 
     </span>
     <span class='ocr_line' id='line_1_3' title="bbox 508 1257 738 1322; baseline 0.009 -2"><span class='ocrx_word' id='word_1_9' title='bbox 508 1257 738 1322; x_wconf 84' lang='lat'><em>1290-1301.</em></span> 
     </span>
    </p>
   </div>
   <div class='ocr_carea' id='block_1_3' title="bbox 76 1454 1185 1868">
    <p class='ocr_par' dir='ltr' id='par_1_3' title="bbox 76 1454 1185 1868">
     <span class='ocr_line' id='line_1_4' title="bbox 170 1454 1184 1542; baseline -0.001 -20"><span class='ocrx_word' id='word_1_10' title='bbox 170 1454 322 1523; x_wconf 78' lang='lat' dir='ltr'>Andreas</span> <span class='ocrx_word' id='word_1_11' title='bbox 339 1454 401 1521; x_wconf 89' lang='lat' dir='ltr'><strong>Dei</strong></span> <span class='ocrx_word' id='word_1_12' title='bbox 417 1458 530 1538; x_wconf 80' lang='lat' dir='ltr'><strong>gracia</strong></span> <span class='ocrx_word' id='word_1_13' title='bbox 544 1455 614 1522; x_wconf 85' lang='lat' dir='ltr'><strong>Rex</strong></span> <span class='ocrx_word' id='word_1_14' title='bbox 625 1455 793 1542; x_wconf 84' lang='lat' dir='ltr'><strong>ilungarie</strong></span> <span class='ocrx_word' id='word_1_15' title='bbox 810 1454 961 1525; x_wconf 85' lang='lat' dir='ltr'><strong>fidelibus</strong></span> <span class='ocrx_word' id='word_1_16' title='bbox 977 1457 1045 1525; x_wconf 91' lang='lat' dir='ltr'><strong>suis</strong></span> <span class='ocrx_word' id='word_1_17' title='bbox 1055 1455 1184 1524; x_wconf 83' lang='lat' dir='ltr'><strong>vniuer·</strong></span> 
     </span>
     <span class='ocr_line' id='line_1_5' title="bbox 79 1562 1184 1652; baseline 0 -24"><span class='ocrx_word' id='word_1_18' title='bbox 79 1563 118 1628; x_wconf 89' lang='lat' dir='ltr'><strong>sis</strong></span> <span class='ocrx_word' id='word_1_19' title='bbox 132 1563 254 1632; x_wconf 90' lang='lat' dir='ltr'><strong>ciuibus</strong></span> <span class='ocrx_word' id='word_1_20' title='bbox 270 1582 329 1631; x_wconf 89' lang='lat' dir='ltr'><strong>seu</strong></span> <span class='ocrx_word' id='word_1_21' title='bbox 353 1562 538 1650; x_wconf 82' lang='lat' dir='ltr'>hospitibus</span> <span class='ocrx_word' id='word_1_22' title='bbox 564 1563 604 1634; x_wconf 90' lang='lat' dir='ltr'><strong>de</strong></span> <span class='ocrx_word' id='word_1_23' title='bbox 621 1565 782 1652; x_wconf 87' lang='lat' dir='ltr'><strong>Suprunio</strong></span> <span class='ocrx_word' id='word_1_24' title='bbox 808 1569 945 1634; x_wconf 86' lang='lat' dir='ltr'><strong>salutem</strong></span> <span class='ocrx_word' id='word_1_25' title='bbox 970 1575 1003 1634; x_wconf 87' lang='lat' dir='ltr'><strong>et</strong></span> <span class='ocrx_word' id='word_1_26' title='bbox 1028 1564 1184 1650; x_wconf 77' lang='lat' dir='ltr'><strong>graciam.</strong></span> 
     </span>
     <span class='ocr_line' id='line_1_6' title="bbox 77 1669 1185 1768; baseline 0.004 -34"><span class='ocrx_word' id='word_1_27' title='bbox 77 1669 158 1748; x_wconf 81' lang='lat' dir='ltr'><strong>Quia</strong></span> <span class='ocrx_word' id='word_1_28' title='bbox 173 1673 333 1740; x_wconf 80' lang='lat' dir='ltr'><strong>Comitem</strong></span> <span class='ocrx_word' id='word_1_29' title='bbox 357 1671 600 1768; x_wconf 71' lang='lat' dir='ltr'><strong>Wiwynumer</strong></span> <span class='ocrx_word' id='word_1_30' title='bbox 625 1676 816 1758; x_wconf 84' lang='lat' dir='ltr'><strong>magistrum</strong></span> <span class='ocrx_word' id='word_1_31' title='bbox 840 1675 1005 1744; x_wconf 77' lang='lat' dir='ltr'><strong>Andream</strong></span> <span class='ocrx_word' id='word_1_32' title='bbox 1031 1674 1185 1742; x_wconf 75' lang='lat' dir='ltr'><strong>concines</strong></span> 
     </span>
     <span class='ocr_line' id='line_1_7' title="bbox 76 1779 1184 1868; baseline 0.003 -24"><span class='ocrx_word' id='word_1_33' title='bbox 76 1787 193 1848; x_wconf 78' lang='lat' dir='ltr'><strong>uestros</strong></span> <span class='ocrx_word' id='word_1_34' title='bbox 210 1800 283 1849; x_wconf 91' lang='lat' dir='ltr'><strong>cnm</strong></span> <span class='ocrx_word' id='word_1_35' title='bbox 299 1781 416 1850; x_wconf 91' lang='lat' dir='ltr'><strong>litteris</strong></span> <span class='ocrx_word' id='word_1_36' title='bbox 432 1783 551 1850; x_wconf 89' lang='lat' dir='ltr'><strong>vestris</strong></span> <span class='ocrx_word' id='word_1_37' title='bbox 568 1783 613 1850; x_wconf 91' lang='lat' dir='ltr'><strong>ad</strong></span> <span class='ocrx_word' id='word_1_38' title='bbox 629 1803 690 1851; x_wconf 91' lang='lat' dir='ltr'><strong>nos</strong></span> <span class='ocrx_word' id='word_1_39' title='bbox 705 1783 747 1850; x_wconf 90' lang='lat' dir='ltr'><strong>ad</strong></span> <span class='ocrx_word' id='word_1_40' title='bbox 759 1789 872 1868; x_wconf 89' lang='lat' dir='ltr'><strong>partes</strong></span> <span class='ocrx_word' id='word_1_41' title='bbox 889 1789 956 1849; x_wconf 90' lang='lat' dir='ltr'><strong>tam</strong></span> <span class='ocrx_word' id='word_1_42' title='bbox 973 1788 1123 1866; x_wconf 89' lang='lat' dir='ltr'><strong>remotas,</strong></span> <span class='ocrx_word' id='word_1_43' title='bbox 1141 1779 1184 1848; x_wconf 87' lang='lat' dir='ltr'><strong>sd</strong></span> 
     </span>
    </p>
   </div>
   <div class='ocr_carea' id='block_1_4' title="bbox 73 1887 1249 2737">
    <p class='ocr_par' dir='ltr' id='par_1_4' title="bbox 73 1887 1249 2737">
     <span class='ocr_line' id='line_1_8' title="bbox 78 1887 1184 1978; baseline 0 -24"><span class='ocrx_word' id='word_1_44' title='bbox 78 1887 267 1956; x_wconf 74' lang='lat' dir='ltr'><strong>visitandam</strong></span> <span class='ocrx_word' id='word_1_45' title='bbox 287 1909 462 1974; x_wconf 80' lang='lat' dir='ltr'>personam</span> <span class='ocrx_word' id='word_1_46' title='bbox 478 1898 632 1975; x_wconf 89' lang='lat' dir='ltr'><strong>nostram,</strong></span> <span class='ocrx_word' id='word_1_47' title='bbox 649 1899 682 1959; x_wconf 89' lang='lat' dir='ltr'><strong>et</strong></span> <span class='ocrx_word' id='word_1_48' title='bbox 699 1893 742 1958; x_wconf 93' lang='lat' dir='ltr'><strong>ad</strong></span> <span class='ocrx_word' id='word_1_49' title='bbox 759 1890 1000 1978; x_wconf 81' lang='lat' dir='ltr'><strong>propalandam</strong></span> <span class='ocrx_word' id='word_1_50' title='bbox 1024 1889 1184 1973; x_wconf 88' lang='lat' dir='ltr'><strong>querimo-</strong></span> 
     </span>
     <span class='ocr_line' id='line_1_9' title="bbox 73 1996 1249 2083; baseline 0.004 -24"><span class='ocrx_word' id='word_1_51' title='bbox 73 1996 153 2064; x_wconf 92' lang='lat' dir='ltr'><strong>niam</strong></span> <span class='ocrx_word' id='word_1_52' title='bbox 169 2004 310 2066; x_wconf 87' lang='lat' dir='ltr'><strong>vestram</strong></span> <span class='ocrx_word' id='word_1_53' title='bbox 326 1997 370 2062; x_wconf 87' lang='lat' dir='ltr'><strong>ad</strong></span> <span class='ocrx_word' id='word_1_54' title='bbox 386 2016 445 2065; x_wconf 90' lang='lat' dir='ltr'><strong>nos</strong></span> <span class='ocrx_word' id='word_1_55' title='bbox 461 1999 701 2083; x_wconf 78' lang='lat' dir='ltr'><strong>transmisistis,</strong></span> <span class='ocrx_word' id='word_1_56' title='bbox 717 1996 867 2064; x_wconf 88' lang='lat' dir='ltr'><strong>fidelitati</strong></span> <span class='ocrx_word' id='word_1_57' title='bbox 889 1997 1113 2067; x_wconf 84' lang='lat' dir='ltr'><strong>vniucrsitatis</strong></span> <span class='ocrx_word' id='word_1_58' title='bbox 1129 2017 1183 2068; x_wconf 78' lang='lat' dir='ltr'><strong>ve·</strong></span> <span class='ocrx_word' id='word_1_59' title='bbox 1244 2049 1249 2054; x_wconf 85' lang='lat'><em>.</em></span> 
     </span>
     <span class='ocr_line' id='line_1_10' title="bbox 75 2105 1184 2192; baseline 0.003 -23"><span class='ocrx_word' id='word_1_60' title='bbox 75 2111 134 2170; x_wconf 91' lang='lat' dir='ltr'><strong>stre</strong></span> <span class='ocrx_word' id='word_1_61' title='bbox 149 2105 320 2173; x_wconf 79' lang='lat' dir='ltr'><strong>referimus</strong></span> <span class='ocrx_word' id='word_1_62' title='bbox 337 2105 457 2174; x_wconf 91' lang='lat' dir='ltr'><strong>multas</strong></span> <span class='ocrx_word' id='word_1_63' title='bbox 471 2113 599 2192; x_wconf 85' lang='lat' dir='ltr'><strong>grates.</strong></span> <span class='ocrx_word' id='word_1_64' title='bbox 617 2107 754 2192; x_wconf 87' lang='lat' dir='ltr'><strong>Propter</strong></span> <span class='ocrx_word' id='word_1_65' title='bbox 770 2105 857 2190; x_wconf 91' lang='lat' dir='ltr'><strong>quod</strong></span> <span class='ocrx_word' id='word_1_66' title='bbox 873 2112 1019 2174; x_wconf 88' lang='lat' dir='ltr'><strong>vestram</strong></span> <span class='ocrx_word' id='word_1_67' title='bbox 1034 2105 1067 2172; x_wconf 92' lang='lat' dir='ltr'><strong>in</strong></span> <span class='ocrx_word' id='word_1_68' title='bbox 1084 2107 1184 2174; x_wconf 90' lang='lat' dir='ltr'><strong>omni-</strong></span> 
     </span>
     <span class='ocr_line' id='line_1_11' title="bbox 76 2211 1182 2300; baseline 0.003 -23"><span class='ocrx_word' id='word_1_69' title='bbox 76 2211 130 2280; x_wconf 86' lang='lat' dir='ltr'><strong>bus</strong></span> <span class='ocrx_word' id='word_1_70' title='bbox 145 2212 280 2280; x_wconf 85' lang='lat' dir='ltr'><strong>iecimns</strong></span> <span class='ocrx_word' id='word_1_71' title='bbox 296 2221 328 2280; x_wconf 90' lang='lat' dir='ltr'><strong>ot</strong></span> <span class='ocrx_word' id='word_1_72' title='bbox 344 2213 503 2281; x_wconf 85' lang='lat' dir='ltr'><strong>iaciemus</strong></span> <span class='ocrx_word' id='word_1_73' title='bbox 520 2214 734 2282; x_wconf 86' lang='lat' dir='ltr'><strong>voluntatem.</strong></span> <span class='ocrx_word' id='word_1_74' title='bbox 761 2216 868 2300; x_wconf 81' lang='lat' dir='ltr'><strong>Super</strong></span> <span class='ocrx_word' id='word_1_75' title='bbox 884 2234 923 2281; x_wconf 88' lang='lat' dir='ltr'><strong>co</strong></span> <span class='ocrx_word' id='word_1_76' title='bbox 940 2219 1049 2280; x_wconf 87' lang='lat' dir='ltr'><strong>autem</strong></span> <span class='ocrx_word' id='word_1_77' title='bbox 1058 2263 1068 2298; x_wconf 95' lang='lat'><strong>,</strong></span> <span class='ocrx_word' id='word_1_78' title='bbox 1094 2213 1182 2298; x_wconf 89' lang='lat' dir='ltr'><strong>quod</strong></span> 
     </span>
     <span class='ocr_line' id='line_1_12' title="bbox 77 2321 1185 2408; baseline 0.004 -23"><span class='ocrx_word' id='word_1_79' title='bbox 77 2322 231 2402; x_wconf 87' lang='lat' dir='ltr'><strong>perterriti</strong></span> <span class='ocrx_word' id='word_1_80' title='bbox 255 2321 382 2405; x_wconf 86' lang='lat' dir='ltr'><strong>fuistis,</strong></span> <span class='ocrx_word' id='word_1_81' title='bbox 408 2323 496 2404; x_wconf 86' lang='lat' dir='ltr'><strong>quod</strong></span> <span class='ocrx_word' id='word_1_82' title='bbox 512 2342 572 2389; x_wconf 93' lang='lat' dir='ltr'><strong>nos</strong></span> <span class='ocrx_word' id='word_1_83' title='bbox 598 2323 789 2408; x_wconf 85' lang='lat' dir='ltr'><strong>magistrum</strong></span> <span class='ocrx_word' id='word_1_84' title='bbox 814 2322 999 2389; x_wconf 90' lang='lat' dir='ltr'><strong>Jchannem</strong></span> <span class='ocrx_word' id='word_1_85' title='bbox 1025 2322 1185 2390; x_wconf 80' lang='lat' dir='ltr'><strong>Comitem</strong></span> 
     </span>
     <span class='ocr_line' id='line_1_13' title="bbox 75 2427 1185 2517; baseline 0.006 -25"><span class='ocrx_word' id='word_1_86' title='bbox 75 2427 322 2512; x_wconf 88' lang='lat' dir='ltr'><strong>Supruniensem</strong></span> <span class='ocrx_word' id='word_1_87' title='bbox 349 2438 380 2498; x_wconf 90' lang='lat' dir='ltr'><strong>ct</strong></span> <span class='ocrx_word' id='word_1_88' title='bbox 396 2427 555 2499; x_wconf 77' lang='lat' dir='ltr'><strong>Comitem</strong></span> <span class='ocrx_word' id='word_1_89' title='bbox 571 2431 775 2498; x_wconf 82' lang='lat' dir='ltr'><strong>Castriierrci</strong></span> <span class='ocrx_word' id='word_1_90' title='bbox 800 2433 895 2500; x_wconf 81' lang='lat' dir='ltr'><strong>vobis</strong></span> <span class='ocrx_word' id='word_1_91' title='bbox 912 2431 944 2498; x_wconf 93' lang='lat' dir='ltr'><strong>in</strong></span> <span class='ocrx_word' id='word_1_92' title='bbox 969 2431 1185 2517; x_wconf 78' lang='lat' dir='ltr'><strong>Capitoneum</strong></span> 
     </span>
     <span class='ocr_line' id='line_1_14' title="bbox 74 2537 1178 2628; baseline 0.009 -28"><span class='ocrx_word' id='word_1_93' title='bbox 74 2537 278 2625; x_wconf 76' lang='lat' dir='ltr'><strong>prefecimus,</strong></span> <span class='ocrx_word' id='word_1_94' title='bbox 293 2539 460 2628; x_wconf 78' lang='lat' dir='ltr'><strong>noveritis,</strong></span> <span class='ocrx_word' id='word_1_95' title='bbox 478 2537 566 2624; x_wconf 86' lang='lat' dir='ltr'><strong>quod</strong></span> <span class='ocrx_word' id='word_1_96' title='bbox 580 2559 646 2606; x_wconf 91' lang='lat' dir='ltr'><strong>non</strong></span> <span class='ocrx_word' id='word_1_97' title='bbox 661 2537 807 2627; x_wconf 76' lang='lat' dir='ltr'><strong>fecimus,</strong></span> <span class='ocrx_word' id='word_1_98' title='bbox 823 2562 900 2628; x_wconf 83' lang='lat' dir='ltr'><strong>ymo</strong></span> <span class='ocrx_word' id='word_1_99' title='bbox 911 2542 1178 2610; x_wconf 87' lang='lat' dir='ltr'><strong>conseruabimus</strong></span> 
     </span>
     <span class='ocr_line' id='line_1_15' title="bbox 73 2646 1183 2737; baseline 0.004 -25"><span class='ocrx_word' id='word_1_100' title='bbox 73 2665 126 2712; x_wconf 83' lang='lat' dir='ltr'><strong>sos</strong></span> <span class='ocrx_word' id='word_1_101' title='bbox 142 2648 173 2712; x_wconf 93' lang='lat' dir='ltr'><strong>in</strong></span> <span class='ocrx_word' id='word_1_102' title='bbox 188 2647 249 2713; x_wconf 91' lang='lat' dir='ltr'><strong>illa</strong></span> <span class='ocrx_word' id='word_1_103' title='bbox 266 2655 300 2713; x_wconf 91' lang='lat' dir='ltr'><strong>et</strong></span> <span class='ocrx_word' id='word_1_104' title='bbox 316 2646 430 2715; x_wconf 90' lang='lat' dir='ltr'><strong>eadem</strong></span> <span class='ocrx_word' id='word_1_105' title='bbox 447 2650 599 2717; x_wconf 89' lang='lat' dir='ltr'><strong>libertate</strong></span> <span class='ocrx_word' id='word_1_106' title='bbox 615 2654 735 2730; x_wconf 86' lang='lat' dir='ltr'><strong>vestra,</strong></span> <span class='ocrx_word' id='word_1_107' title='bbox 753 2651 867 2734; x_wconf 83' lang='lat' dir='ltr'><strong>inqua</strong></span> <span class='ocrx_word' id='word_1_108' title='bbox 884 2669 905 2716; x_wconf 85' lang='lat' dir='ltr'><strong>a</strong></span> <span class='ocrx_word' id='word_1_109' title='bbox 922 2657 1066 2737; x_wconf 83' lang='lat' dir='ltr'><strong>tempore</strong></span> <span class='ocrx_word' id='word_1_110' title='bbox 1083 2649 1183 2718; x_wconf 90' lang='lat' dir='ltr'><strong>dorni-</strong></span> 
     </span>
    </p>
   </div>
   <div class='ocr_carea' id='block_1_5' title="bbox 75 2753 1317 2862">
    <p class='ocr_par' dir='ltr' id='par_1_5' title="bbox 75 2753 1317 2862">
     <span class='ocr_line' id='line_1_16' title="bbox 75 2753 1317 2862; baseline 0.006 -45"><span class='ocrx_word' id='word_1_111' title='bbox 75 2771 180 2819; x_wconf 91' lang='lat' dir='ltr'><strong>norum</strong></span> <span class='ocrx_word' id='word_1_112' title='bbox 196 2753 277 2822; x_wconf 88' lang='lat' dir='ltr'><strong>Bele</strong></span> <span class='ocrx_word' id='word_1_113' title='bbox 295 2764 327 2822; x_wconf 89' lang='lat' dir='ltr'><strong>et</strong></span> <span class='ocrx_word' id='word_1_114' title='bbox 343 2755 500 2841; x_wconf 87' lang='lat' dir='ltr'><strong>Stephani</strong></span> <span class='ocrx_word' id='word_1_115' title='bbox 517 2757 696 2825; x_wconf 85' lang='lat' dir='ltr'><strong>illustrium</strong></span> <span class='ocrx_word' id='word_1_116' title='bbox 711 2758 838 2846; x_wconf 85' lang='lat' dir='ltr'><strong>Regum</strong></span> <span class='ocrx_word' id='word_1_117' title='bbox 854 2757 1022 2862; x_wconf 83' lang='lat' dir='ltr'><strong>Hungarie</strong></span> <span class='ocrx_word' id='word_1_118' title='bbox 1039 2758 1183 2826; x_wconf 86' lang='lat' dir='ltr'><strong>felicium</strong></span> <span class='ocrx_word' id='word_1_119' title='bbox 1314 2767 1317 2772; x_wconf 78' lang='grc'><strong>“</strong></span> 
     </span>
    </p>
   </div>
   <div class='ocr_carea' id='block_1_6' title="bbox 64 2863 1187 4036">
    <p class='ocr_par' dir='ltr' id='par_1_6' title="bbox 64 2863 1187 4036">
     <span class='ocr_line' id='line_1_17' title="bbox 75 2863 1185 2952; baseline 0.008 -27"><span class='ocrx_word' id='word_1_120' title='bbox 75 2863 343 2952; x_wconf 89' lang='lat' dir='ltr'><strong>recordacionum,</strong></span> <span class='ocrx_word' id='word_1_121' title='bbox 360 2867 608 2935; x_wconf 86' lang='lat' dir='ltr'><strong>karissimorum</strong></span> <span class='ocrx_word' id='word_1_122' title='bbox 625 2887 760 2936; x_wconf 87' lang='lat' dir='ltr'><strong>auorum</strong></span> <span class='ocrx_word' id='word_1_123' title='bbox 779 2876 971 2952; x_wconf 90' lang='lat' dir='ltr'><strong>nostrcmm,</strong></span> <span class='ocrx_word' id='word_1_124' title='bbox 989 2864 1082 2936; x_wconf 83' lang='lat' dir='ltr'><strong>iuxta</strong></span> <span class='ocrx_word' id='word_1_125' title='bbox 1095 2867 1185 2952; x_wconf 93' lang='lat' dir='ltr'><strong>ipsc-</strong></span> 
     </span>
     <span class='ocr_line' id='line_1_18' title="bbox 72 2973 1184 3062; baseline 0.001 -26"><span class='ocrx_word' id='word_1_126' title='bbox 72 2989 135 3038; x_wconf 87' lang='lat' dir='ltr'><strong>mm</strong></span> <span class='ocrx_word' id='word_1_127' title='bbox 160 2973 402 3041; x_wconf 85' lang='lat' dir='ltr'><strong>continenciam</strong></span> <span class='ocrx_word' id='word_1_128' title='bbox 427 2974 674 3059; x_wconf 85' lang='lat' dir='ltr'><strong>priuilegiorum</strong></span> <span class='ocrx_word' id='word_1_129' title='bbox 698 2975 928 3062; x_wconf 90' lang='lat' dir='ltr'><strong>permansistis</strong></span> <span class='ocrx_word' id='word_1_130' title='bbox 953 2995 1054 3060; x_wconf 87' lang='lat' dir='ltr'><strong>usqua</strong></span> <span class='ocrx_word' id='word_1_131' title='bbox 1078 2973 1184 3040; x_wconf 92' lang='lat' dir='ltr'><strong>modo.</strong></span> 
     </span>
     <span class='ocr_line' id='line_1_19' title="bbox 72 3079 1187 3171; baseline 0.004 -27"><span class='ocrx_word' id='word_1_132' title='bbox 72 3081 109 3144; x_wconf 84' lang='lat' dir='ltr'><strong>Et</strong></span> <span class='ocrx_word' id='word_1_133' title='bbox 122 3079 154 3146; x_wconf 92' lang='lat' dir='ltr'><strong>id</strong></span> <span class='ocrx_word' id='word_1_134' title='bbox 172 3081 269 3148; x_wconf 90' lang='lat' dir='ltr'><strong>uobis</strong></span> <span class='ocrx_word' id='word_1_135' title='bbox 281 3081 440 3150; x_wconf 89' lang='lat' dir='ltr'><strong>faciemus</strong></span> <span class='ocrx_word' id='word_1_136' title='bbox 458 3081 539 3150; x_wconf 91' lang='lat' dir='ltr'><strong>data</strong></span> <span class='ocrx_word' id='word_1_137' title='bbox 554 3085 618 3150; x_wconf 90' lang='lat' dir='ltr'><strong>fide</strong></span> <span class='ocrx_word' id='word_1_138' title='bbox 628 3091 742 3154; x_wconf 88' lang='lat' dir='ltr'><strong>nostra</strong></span> <span class='ocrx_word' id='word_1_139' title='bbox 759 3084 887 3171; x_wconf 81' lang='lat' dir='ltr'><strong>Regali,</strong></span> <span class='ocrx_word' id='word_1_140' title='bbox 903 3089 936 3150; x_wconf 89' lang='lat' dir='ltr'><strong>st</strong></span> <span class='ocrx_word' id='word_1_141' title='bbox 951 3082 1056 3150; x_wconf 88' lang='lat' dir='ltr'><strong>adhuc</strong></span> <span class='ocrx_word' id='word_1_142' title='bbox 1067 3084 1099 3147; x_wconf 92' lang='lat' dir='ltr'><strong>in</strong></span> <span class='ocrx_word' id='word_1_143' title='bbox 1116 3083 1187 3166; x_wconf 90' lang='lat' dir='ltr'><strong>plu·</strong></span> 
     </span>
     <span class='ocr_line' id='line_1_20' title="bbox 71 3187 1184 3280; baseline 0.004 -29"><span class='ocrx_word' id='word_1_144' title='bbox 71 3187 155 3256; x_wconf 90' lang='lat' dir='ltr'><strong>ribus</strong></span> <span class='ocrx_word' id='word_1_145' title='bbox 170 3193 316 3257; x_wconf 86' lang='lat' dir='ltr'><strong>vestram</strong></span> <span class='ocrx_word' id='word_1_146' title='bbox 333 3189 532 3276; x_wconf 86' lang='lat' dir='ltr'><strong>peticionem</strong></span> <span class='ocrx_word' id='word_1_147' title='bbox 547 3191 776 3280; x_wconf 88' lang='lat' dir='ltr'><strong>admittemus,</strong></span> <span class='ocrx_word' id='word_1_148' title='bbox 802 3192 890 3258; x_wconf 90' lang='lat' dir='ltr'><strong>sicut</strong></span> <span class='ocrx_word' id='word_1_149' title='bbox 908 3193 941 3259; x_wconf 94' lang='lat' dir='ltr'><strong>in</strong></span> <span class='ocrx_word' id='word_1_150' title='bbox 963 3192 1115 3272; x_wconf 86' lang='lat' dir='ltr'><strong>libertate</strong></span> <span class='ocrx_word' id='word_1_151' title='bbox 1130 3209 1184 3257; x_wconf 84' lang='lat' dir='ltr'><strong>vs·</strong></span> 
     </span>
     <span class='ocr_line' id='line_1_21' title="bbox 71 3296 1183 3385; baseline 0.003 -24"><span class='ocrx_word' id='word_1_152' title='bbox 71 3303 135 3364; x_wconf 85' lang='lat' dir='ltr'><strong>stra</strong></span> <span class='ocrx_word' id='word_1_153' title='bbox 149 3297 357 3383; x_wconf 79' lang='lat' dir='ltr'><strong>priuilegium</strong></span> <span class='ocrx_word' id='word_1_154' title='bbox 373 3300 474 3384; x_wconf 81' lang='lat' dir='ltr'><strong>Regis</strong></span> <span class='ocrx_word' id='word_1_155' title='bbox 490 3296 641 3370; x_wconf 88' lang='lat' dir='ltr'><strong>Ladislai</strong></span> <span class='ocrx_word' id='word_1_156' title='bbox 657 3303 820 3385; x_wconf 91' lang='lat' dir='ltr'><strong>continet,</strong></span> <span class='ocrx_word' id='word_1_157' title='bbox 838 3308 871 3367; x_wconf 90' lang='lat' dir='ltr'><strong>et</strong></span> <span class='ocrx_word' id='word_1_158' title='bbox 887 3307 999 3370; x_wconf 88' lang='lat' dir='ltr'><strong>nostro</strong></span> <span class='ocrx_word' id='word_1_159' title='bbox 1016 3297 1183 3368; x_wconf 83' lang='lat' dir='ltr'><strong>confirma·</strong></span> 
     </span>
     <span class='ocr_line' id='line_1_22' title="bbox 70 3403 1183 3496; baseline 0.004 -27"><span class='ocrx_word' id='word_1_160' title='bbox 70 3403 171 3472; x_wconf 92' lang='lat' dir='ltr'><strong>uimus</strong></span> <span class='ocrx_word' id='word_1_161' title='bbox 185 3405 371 3494; x_wconf 84' lang='lat' dir='ltr'><strong>priuilegio.</strong></span> <span class='ocrx_word' id='word_1_162' title='bbox 388 3409 472 3475; x_wconf 89' lang='lat' dir='ltr'><strong>Item</strong></span> <span class='ocrx_word' id='word_1_163' title='bbox 484 3411 716 3493; x_wconf 88' lang='lat' dir='ltr'><strong>concessimus,</strong></span> <span class='ocrx_word' id='word_1_164' title='bbox 734 3408 819 3496; x_wconf 89' lang='lat' dir='ltr'><strong>quod</strong></span> <span class='ocrx_word' id='word_1_165' title='bbox 830 3409 1023 3496; x_wconf 87' lang='lat' dir='ltr'><strong>sagittarios</strong></span> <span class='ocrx_word' id='word_1_166' title='bbox 1034 3407 1183 3494; x_wconf 89' lang='lat' dir='ltr'><strong>populos,</strong></span> 
     </span>
     <span class='ocr_line' id='line_1_23' title="bbox 72 3513 1183 3604; baseline 0.003 -25"><span class='ocrx_word' id='word_1_167' title='bbox 72 3533 148 3595; x_wconf 88' lang='lat' dir='ltr'><strong>qnos</strong></span> <span class='ocrx_word' id='word_1_168' title='bbox 165 3515 317 3584; x_wconf 90' lang='lat' dir='ltr'><strong>dominus</strong></span> <span class='ocrx_word' id='word_1_169' title='bbox 333 3516 522 3604; x_wconf 82' lang='lat' dir='ltr'><strong>Stephanus</strong></span> <span class='ocrx_word' id='word_1_170' title='bbox 549 3524 583 3586; x_wconf 92' lang='lat' dir='ltr'><strong>et</strong></span> <span class='ocrx_word' id='word_1_171' title='bbox 599 3519 750 3587; x_wconf 91' lang='lat' dir='ltr'><strong>dominus</strong></span> <span class='ocrx_word' id='word_1_172' title='bbox 766 3519 941 3586; x_wconf 85' lang='lat' dir='ltr'><strong>Ladislaus</strong></span> <span class='ocrx_word' id='word_1_173' title='bbox 966 3519 1074 3602; x_wconf 83' lang='lat' dir='ltr'><strong>Reges</strong></span> <span class='ocrx_word' id='word_1_174' title='bbox 1090 3513 1183 3582; x_wconf 89' lang='lat' dir='ltr'><strong>uobis</strong></span> 
     </span>
     <span class='ocr_line' id='line_1_24' title="bbox 69 3621 1183 3718; baseline 0.001 -33"><span class='ocrx_word' id='word_1_175' title='bbox 69 3621 99 3688; x_wconf 96' lang='lat' dir='ltr'><strong>in</strong></span> <span class='ocrx_word' id='word_1_176' title='bbox 114 3623 223 3690; x_wconf 90' lang='lat' dir='ltr'><strong>socios</strong></span> <span class='ocrx_word' id='word_1_177' title='bbox 240 3624 460 3712; x_wconf 88' lang='lat' dir='ltr'><strong>deputarunt,</strong></span> <span class='ocrx_word' id='word_1_178' title='bbox 487 3626 700 3711; x_wconf 90' lang='lat' dir='ltr'><strong>relinquimus</strong></span> <span class='ocrx_word' id='word_1_179' title='bbox 718 3633 750 3692; x_wconf 90' lang='lat' dir='ltr'><strong>et</strong></span> <span class='ocrx_word' id='word_1_180' title='bbox 765 3645 826 3693; x_wconf 90' lang='lat' dir='ltr'><strong>nos</strong></span> <span class='ocrx_word' id='word_1_181' title='bbox 842 3627 947 3718; x_wconf 81' lang='lat' dir='ltr'><strong>vobis,</strong></span> <span class='ocrx_word' id='word_1_182' title='bbox 964 3625 997 3691; x_wconf 91' lang='lat' dir='ltr'><strong>in</strong></span> <span class='ocrx_word' id='word_1_183' title='bbox 1014 3623 1129 3690; x_wconf 89' lang='lat' dir='ltr'><strong>eadem</strong></span> <span class='ocrx_word' id='word_1_184' title='bbox 1146 3621 1183 3687; x_wconf 92' lang='lat' dir='ltr'><strong>li-</strong></span> 
     </span>
     <span class='ocr_line' id='line_1_25' title="bbox 70 3731 1184 3822; baseline 0.002 -26"><span class='ocrx_word' id='word_1_185' title='bbox 70 3731 193 3822; x_wconf 84' lang='lat' dir='ltr'><strong>bertate</strong></span> <span class='ocrx_word' id='word_1_186' title='bbox 219 3752 461 3815; x_wconf 88' lang='lat' dir='ltr'><strong>permansuros.</strong></span> <span class='ocrx_word' id='word_1_187' title='bbox 488 3734 625 3803; x_wconf 78' lang='lat' dir='ltr'><strong>(ioniam</strong></span> <span class='ocrx_word' id='word_1_188' title='bbox 640 3735 786 3804; x_wconf 88' lang='lat' dir='ltr'><strong>volumus</strong></span> <span class='ocrx_word' id='word_1_189' title='bbox 797 3783 807 3816; x_wconf 89' lang='lat'><strong>,</strong></span> <span class='ocrx_word' id='word_1_190' title='bbox 834 3733 923 3817; x_wconf 87' lang='lat' dir='ltr'><strong>quod</strong></span> <span class='ocrx_word' id='word_1_191' title='bbox 938 3753 996 3800; x_wconf 89' lang='lat' dir='ltr'><strong>vos</strong></span> <span class='ocrx_word' id='word_1_192' title='bbox 1023 3731 1055 3798; x_wconf 92' lang='lat' dir='ltr'><strong>in</strong></span> <span class='ocrx_word' id='word_1_193' title='bbox 1072 3736 1184 3798; x_wconf 88' lang='lat' dir='ltr'><strong>vestra</strong></span> 
     </span>
     <span class='ocr_line' id='line_1_26' title="bbox 64 3841 1180 3914; baseline 0.001 -6"><span class='ocrx_word' id='word_1_194' title='bbox 64 3843 213 3911; x_wconf 90' lang='lat' dir='ltr'><strong>libertate</strong></span> <span class='ocrx_word' id='word_1_195' title='bbox 230 3845 430 3914; x_wconf 88' lang='lat' dir='ltr'><strong>conservetis</strong></span> <span class='ocrx_word' id='word_1_196' title='bbox 446 3845 537 3914; x_wconf 83' lang='lat' dir='ltr'><strong>iuxta</strong></span> <span class='ocrx_word' id='word_1_197' title='bbox 553 3847 671 3914; x_wconf 91' lang='lat' dir='ltr'><strong>omnia.</strong></span> <span class='ocrx_word' id='word_1_198' title='bbox 697 3847 816 3914; x_wconf 89' lang='lat' dir='ltr'><strong>Datum</strong></span> <span class='ocrx_word' id='word_1_199' title='bbox 834 3844 867 3910; x_wconf 92' lang='lat' dir='ltr'><strong>in</strong></span> <span class='ocrx_word' id='word_1_200' title='bbox 883 3843 1018 3914; x_wconf 87' lang='lat' dir='ltr'><strong>lwanch</strong></span> <span class='ocrx_word' id='word_1_201' title='bbox 1036 3841 1122 3912; x_wconf 84' lang='lat' dir='ltr'><strong>scria</strong></span> <span class='ocrx_word' id='word_1_202' title='bbox 1138 3843 1180 3909; x_wconf 90' lang='lat' dir='ltr'><strong>Il.</strong></span> 
     </span>
     <span class='ocr_line' id='line_1_27' title="bbox 68 3950 898 4036; baseline 0.002 -22"><span class='ocrx_word' id='word_1_203' title='bbox 68 3950 214 4035; x_wconf 78' lang='lat' dir='ltr'><strong>proxima</strong></span> <span class='ocrx_word' id='word_1_204' title='bbox 228 3957 304 4036; x_wconf 90' lang='lat' dir='ltr'><strong>post</strong></span> <span class='ocrx_word' id='word_1_205' title='bbox 319 3952 436 4019; x_wconf 80' lang='lat' dir='ltr'><strong>festum</strong></span> <span class='ocrx_word' id='word_1_206' title='bbox 453 3953 569 4020; x_wconf 86' lang='lat' dir='ltr'><strong>Sancti</strong></span> <span class='ocrx_word' id='word_1_207' title='bbox 584 3952 674 4019; x_wconf 88' lang='lat' dir='ltr'><strong>Petri</strong></span> <span class='ocrx_word' id='word_1_208' title='bbox 691 3952 734 4018; x_wconf 87' lang='lat' dir='ltr'><strong>ad</strong></span> <span class='ocrx_word' id='word_1_209' title='bbox 749 3951 898 4020; x_wconf 88' lang='lat' dir='ltr'><strong>Vincula.</strong></span> 
     </span>
    </p>
   </div>
   <div class='ocr_carea' id='block_1_7' title="bbox 267 4143 983 4220">
    <p class='ocr_par' dir='ltr' id='par_1_7' title="bbox 267 4143 983 4220">
     <span class='ocr_line' id='line_1_28' title="bbox 267 4143 983 4220; baseline -0.001 -17"><span class='ocrx_word' id='word_1_210' title='bbox 267 4143 412 4220; x_wconf 83' lang='lat' dir='ltr'><strong>(Soprony</strong></span> <span class='ocrx_word' id='word_1_211' title='bbox 425 4146 511 4208; x_wconf 77' lang='lat' dir='ltr'><strong>varos</strong></span> <span class='ocrx_word' id='word_1_212' title='bbox 523 4146 724 4208; x_wconf 74' lang='lat' dir='ltr'><strong>revertor-thol.</strong></span> <span class='ocrx_word' id='word_1_213' title='bbox 738 4149 851 4203; x_wconf 79' lang='lat' dir='ltr'><strong>llctcccs&#39;</strong></span> <span class='ocrx_word' id='word_1_214' title='bbox 863 4147 983 4217; x_wconf 65' lang='lat' dir='ltr'><strong>sowy.)</strong></span> 
     </span>
    </p>
   </div>
   <div class='ocr_carea' id='block_1_8' title="bbox 497 4452 755 4466">
    <p class='ocr_par' dir='ltr' id='par_1_8' title="bbox 497 4452 755 4466">
     <span class='ocr_line' id='line_1_29' title="bbox 497 4452 755 4466; baseline 0 0"><span class='ocrx_word' id='word_1_215' title='bbox 497 4452 755 4466; x_wconf 50' lang='grc' dir='ltr'><em>Ἥ</em></span> 
     </span>
    </p>
   </div>
   <div class='ocr_carea' id='block_1_9' title="bbox 0 0 1546 5166">
    <p class='ocr_par' dir='ltr' id='par_1_9' title="bbox 0 0 1546 5166">
     <span class='ocr_line' id='line_1_30' title="bbox 0 0 1546 5166; baseline 0 7"><span class='ocrx_word' id='word_1_216' title='bbox 0 0 1546 5166; x_wconf 95' lang='lat' dir='ltr'><strong> </strong></span> 
     </span>
    </p>
   </div>
  </div>
 </body>
</html>
