3094 5168
597 298 754 404 Q-

114 505 198 571 una;
217 493 251 555 et
267 490 356 558 viros
372 491 499 560 nobiles
516 515 556 560 ac
570 495 739 586 discretos,
757 497 917 566 dominum
935 501 1179 570 Benevenutum
1195 501 1236 568 de

111 595 289 682 dampesio
312 599 401 666 turis
418 600 532 670 civilis
550 606 794 693 Professorem,
812 613 843 674 et
865 609 1030 676 dominnm
1051 606 1234 678 Johannem

112 705 154 771 de
170 707 294 773 Sancto
311 707 451 793 Sabino,
478 711 694 784 consiliarios
711 722 745 782 et
761 715 942 783 familiares
959 736 1000 786 ac
1016 715 1176 800 speciales
1193 719 1237 786 cd

112 815 174 882 hoc
190 815 422 886 Procuratores
440 825 472 884 et
488 821 643 906 Nuncios‚
668 825 756 905 quod
773 823 927 904 constitit,
944 825 1085 892 virorum
1101 824 1235 894 illustri·

112 944 165 990 um
183 923 487 996 dominiHuunbcrti
499 929 659 1014 Dalphini
672 933 868 1000 Viennensis
888 939 921 1000 et
941 932 1078 1000 Albouis
1099 934 1235 1002 Comitis

112 1032 309 1116 Dominique
326 1033 366 1102 de
382 1038 505 1124 Turre,
532 1060 572 1107 ao
587 1039 752 1110 dohannis
769 1041 927 1126 Delphini
952 1042 1161 1128 primogeniti
1184 1043 1236 1112 sui

112 1160 172 1226 pro
200 1140 315 1208 eodem
340 1142 557 1230 primogenito
582 1169 622 1214 eu
643 1149 759 1216 altera.
777 1151 953 1218 Tractatus
971 1159 1021 1217 est
1045 1149 1177 1218 habitus
1193 1152 1236 1217 de

111 1247 327 1334 sponsalibus
343 1261 375 1318 et
391 1255 607 1338 matrimonio,
626 1275 684 1324 suo
702 1265 849 1342 tempore
865 1255 1096 1339 contrahendo,
1113 1265 1236 1344 etpost

112 1360 225 1426 varios
243 1359 372 1426 habitos
389 1358 430 1426 c'x
445 1363 522 1430 hino
538 1371 571 1430 et
587 1364 661 1430 inde
680 1371 856 1448 tractatus,
884 1366 961 1434 talis
980 1364 1107 1432 demum
1126 1373 1235 1434 mutuo

112 1466 223 1533 finalis
242 1467 319 1534 inde
335 1471 510 1536 concordia
537 1481 587 1538 est
606 1481 739 1558 secuta;
756 1473 929 1555 videlicet,
955 1473 1042 1556 quod
1069 1471 1234 1559 prediatus

112 1575 266 1642 dominus
284 1577 352 1642 Rex
364 1595 423 1661 per
435 1579 603 1664 egregium
615 1581 720 1648 virum
738 1581 901 1648 dominum
913 1582 1177 1648 Bartholomaeus
1194 1580 1235 1646 de

113 1683 240 1767 Capua,
258 1683 475 1768 chothctum
494 1695 527 1754 et
541 1688 800 1756 Protonotarium
815 1688 919 1774 Regni
936 1687 1057 1770 Sicilie,
1074 1688 1234 1756 Consilia-

111 1793 196 1858 rium
211 1799 245 1858 et
259 1791 457 1861 familiarem
473 1814 577 1876 suum,
594 1799 691 1881 plsua
707 1799 792 1880 inde,
812 1799 898 1880 quod
914 1798 977 1868 sibi
998 1798 1152 1876 constitit,
1169 1804 1232 1864 tra-

112 1899 183 1968 dita
199 1905 364 1986 potestate
380 1903 530 1986 promisit
546 1924 583 1972 se
599 1907 758 1973 facturum
776 1913 807 1970 ct
836 1914 1020 1974 curaturum
1037 1905 1186 1989 legaliter
1202 1910 1236 1972 et

111 2012 200 2077 bona
218 2009 293 2094 fide,
311 2009 396 2094 quod
413 2015 648 2098 quamprimum
667 2037 725 2101 pro
743 2023 830 2081 etate
846 2016 977 2100 licebit,
995 2017 1084 2084 diota
1102 2015 1234 2082 domina

111 2119 247 2187 Beatrix
263 2121 451 2188 consenciat
477 2123 509 2188 in
537 2125 684 2192 eumdem
700 2125 884 2192 Johaunem
906 2125 1104 2211 Dalphinum
1115 2176 1124 2209 ,
1151 2130 1234 2190 tam·

111 2253 211 2315 quarn
229 2231 261 2296 in
277 2251 370 2298 suum
388 2251 543 2318 sponsum
560 2241 593 2300 ct
610 2235 716 2300 virum
733 2235 934 2318 legitimum,
960 2235 1056 2317 eique
1072 2232 1233 2302 matrimo-

110 2341 242 2406 nialiter
253 2341 480 2425 coniungetur5
498 2341 636 2425 ipsaque
650 2341 850 2427 sponsalicio
860 2349 893 2408 et
908 2342 1147 2410 matrimonium
1158 2360 1234 2410 con·

111 2447 221 2516 trahet
230 2446 378 2532 legitime
389 2469 461 2514 cum
473 2449 603 2532 eodem,
623 2469 721 2532 quam
734 2449 866 2532 quidem
877 2449 1039 2516 dominam
1051 2448 1235 2518 Beatrioem

111 2577 153 2624 ex
168 2577 256 2624 nuno
270 2554 425 2641 promisit
440 2557 512 2622 Rex
538 2556 610 2641 ipsc
626 2577 686 2642 per
702 2558 869 2642 speciales
895 2576 972 2626 suos
991 2557 1075 2626 alios
1101 2563 1135 2625 ot
1150 2559 1234 2627 eius·

111 2669 187 2735 dem
205 2663 366 2750 Dalphini
390 2665 535 2734 Nuneios
561 2665 594 2732 in
620 2665 796 2734 Prouincia
822 2669 865 2734 ad
887 2663 1054 2734 ciuitatem
1080 2665 1232 2733 Sistarici

110 2778 240 2844 mittere
256 2775 344 2842 dicto
360 2773 528 2857 Dalphino
544 2773 756 2855 tradendam,
774 2773 860 2859 apud
877 2793 967 2854 eum,
995 2775 1086 2840 iuxta
1104 2794 1233 2842 suorum

111 2903 236 2954 morum
249 2883 502 2951 observanciam
513 2883 729 2952 educandam.
747 2885 810 2950 Pro
827 2883 917 2952 cuius
929 2882 1060 2950 domine
1074 2882 1234 2950 Beatricis

111 2995 188 3061 dote
204 2994 355 3060 domiuus
372 2991 444 3058 Rex
468 2993 542 3080 ipse
558 2991 638 3062 dare
654 2995 827 3075 conuenit,
854 2998 952 3076 atque
969 2991 1115 3076 promisit
1134 2993 1233 3060 libra·

111 3121 181 3166 rum
197 3097 437 3168 Turonensimn
464 3101 651 3183 nigrorum,
676 3107 735 3167 aut
754 3100 838 3167 solvi
855 3100 955 3168 faciet
974 3097 1091 3183 viginti
1117 3099 1233 3188 millia,

112 3209 290 3294 dequibus
314 3209 428 3276 decem
456 3209 558 3276 millia
584 3209 691 3276 solvet
716 3209 822 3276 eidem
849 3206 978 3276 domino
995 3207 1138 3278 Johanni
1154 3207 1233 3276 Dal·

109 3317 223 3405 phino,
239 3317 295 3384 vel
309 3318 367 3384 alii
384 3337 444 3402 pro
454 3325 548 3404 parte
564 3317 677 3402 ipsius,
695 3317 729 3385 in
744 3316 918 3383 Provincia
934 3316 967 3382 iu
984 3316 1070 3384 sesto
1082 3315 1233 3384 Omnium

111 3427 309 3495 Sanctomm
334 3429 484 3496 secundo.
502 3428 611 3496 futuro
627 3424 795 3512 sequentis
812 3426 870 3492 Xl.
897 3425 1108 3494 ludiccionis.
1133 3426 1176 3492 nt
1191 3425 1233 3494 dc

110 3535 251 3618 reliquis
267 3535 381 3601 decem
397 3533 542 3601 millibus
567 3536 667 3603 faciet
684 3544 717 3604 et
735 3532 902 3618 servabit,
929 3531 1015 3616 quod
1039 3531 1233 3604 testificatio

111 3645 278 3712 dictorum
293 3643 495 3710 Nunciorum
522 3643 711 3729 spetialiter
729 3643 804 3708 inde
820 3639 927 3722 facta,
954 3659 1051 3722 quam
1076 3658 1178 3725 penes
1195 3659 1233 3708 se

111 3753 266 3820 dominus
282 3753 352 3820 Rex
369 3760 556 3835 conservat,
573 3751 727 3819 informa
743 3750 871 3816 scilicet
887 3747 1030 3836 publica,
1048 3747 1116 3815 alia
1130 3767 1232 3831 penes

109 3862 260 3930 Nuncios
275 3861 366 3945 ipsos
383 3862 544 3930 consimili
561 3865 763 3944 remanente,
782 3859 926 3925 continet
943 3864 976 3922 et
991 3855 1147 3922 declarat.
1163 3856 1234 3923 Hoc

111 3969 303 4058 specialiter
326 3975 360 4035 ct
386 3970 569 4053 expressim
593 3969 626 4034 in
654 3966 878 4035 convencione
903 3963 1055 4046 adiecto,
1082 3964 1232 4049 quodsi,

110 4080 199 4164 quoe
217 4078 313 4164 absit,
331 4075 497 4145 accideret
512 4076 632 4144 dictum
648 4097 714 4144 non
732 4074 892 4161 compleri
902 4073 1155 4157 matrimonium,
1173 4073 1231 4142 dos

110 4190 187 4276 ipsa
204 4187 236 4253 in
255 4186 379 4255 eisdem
396 4185 511 4253 decem
522 4185 666 4254 millibus
682 4186 837 4254 librarum
852 4181 1086 4250 Turonensium
1104 4183 1232 4249 solven-

111 4299 186 4384 dis,
201 4304 238 4364 ut
253 4295 453 4384 predicitur,
479 4294 667 4362 restituetur
687 4294 864 4376 instanter;
882 4291 1026 4373 scilicet,
1045 4287 1101 4355 ubi
1117 4288 1230 4356 matri·

111 4407 256 4474 monium
280 4407 388 4491 ipsum
419 4403 623 4485 contingeret
648 4403 837 4470 alterutrius
870 4407 969 4466 morte
993 4397 1233 4482 subsequenter

112 4514 269 4598 dissolri,
286 4522 364 4582 tunc
381 4513 441 4581 dos
456 4514 533 4602 ipsa
557 4512 737 4582 secundum
760 4530 882 4578 morem
909 4517 941 4578 et
966 4507 1231 4577 consuetudinem

113 4627 268 4695 nobilium
285 4623 399 4693 Patria
416 4623 496 4692 dicti
511 4623 673 4713 Dalphini
690 4624 880 4692 restituetur
895 4623 927 4688 in
947 4619 1088 4690 termino
1103 4617 1231 4703 legibus
