3082 5166
809 305 966 410 Q

338 506 572 594 appellacionis
588 507 772 576 huiusmodi
788 509 970 595 terminum,
996 519 1167 594 tempusa
1193 507 1270 592 lege
1295 504 1439 574 indultum

333 637 426 700 pono,
444 616 624 685 Ecclesiam
642 617 910 685 Transsiluanem
937 637 1008 685 curn
1025 616 1092 684 suis
1110 616 1234 686 iuribus
1254 617 1287 682 in
1305 621 1394 701 perte
1408 621 1435 679 ct

332 726 365 790 in
381 731 447 788 toto
473 726 670 808 proteccioni
696 724 839 794 eiusdem
865 725 960 794 Sedis
976 726 1124 811 subiicio‚
1152 733 1184 792 et
1200 747 1242 791 ne
1267 723 1388 807 aliquid
1406 727 1435 790 in

333 833 547 919 preludicium
563 836 712 903 Ecclesie
728 836 964 905 Transsiluane
990 840 1217 923 attemptetur,
1234 833 1383 922 appello,
1407 839 1434 898 et
1530 895 1531 926 p

333 941 445 1008 iterum
462 943 613 1030 appello;
631 945 810 1032 Apostolos
827 953 926 1033 peto,
945 946 1113 1034 instanter,
1130 945 1325 1027 instantius,
1346 949 1378 1010 et
1391 942 1432 1006 in·
1530 993 1531 1006 ,

334 1051 535 1116 stantissime
551 1060 648 1138 peto,
676 1063 707 1122 et
724 1055 753 1122 si
770 1076 827 1141 per
844 1075 915 1123 eum
933 1053 1159 1141 denegantur,
1185 1071 1244 1138 per
1260 1073 1355 1136 quern
1371 1048 1434 1115 deri
1530 1077 1531 1116 u

333 1158 499 1244 debentur,
517 1164 632 1229 saltem
650 1164 717 1248 illi,
735 1166 792 1248 qui
809 1184 904 1233 aures
921 1163 1074 1232 audiendi
1091 1163 1231 1242 hubent,
1250 1161 1392 1244 audiant,
1409 1165 1436 1223 et
1530 1161 1531 1238 ζ

298 1323 305 1340 ,
333 1267 448 1352 spiritu
473 1266 560 1335 fideli
591 1273 815 1359 perscribunt,
849 1281 881 1340 et
911 1271 1102 1359 inscriptis
1135 1273 1282 1339 Romane
1314 1267 1437 1336 tradunt
1530 1305 1531 1332 c

283 1462 285 1466 ι
334 1377 492 1464 Ecclesie.

438 1489 475 1552 ln
492 1487 582 1554 cuius
597 1488 644 1554 rei
661 1489 879 1558 testimonium
897 1494 1063 1574 presentes
1080 1495 1209 1555 nostras
1224 1485 1435 1554 concessimus
1530 1491 1531 1582 ἐ

333 1594 480 1680 litteras,
507 1596 635 1680 sigillo,
661 1616 723 1679 quo
741 1599 927 1666 Oonuenlus
943 1599 1061 1682 utitur,
1084 1597 1303 1681 consignatas.
1331 1597 1434 1662 Actum

332 1703 415 1769 Albe
432 1705 463 1769 in
480 1706 616 1771 termino
634 1707 828 1790 supradicto,
846 1725 930 1774 anno
946 1705 1077 1771 Domini
1094 1705 1144 1772 Μο
1160 1703 1267 1808 0000.
1530 1719 1531 1730 ’

546 1897 684 1970 (Teuiseh
698 1899 729 1958 es
744 1901 904 1958 Firnhuber
917 1903 952 1957 id.
967 1921 1002 1956 ιη.
1015 1902 1039 1956 2.
1054 1903 1115 1956 ket.
1128 1901 1188 1956 217.
1201 1899 1233 1970 l.)

765 2173 1019 2184 -n—-u--n———n——na

855 2715 932 2782 tos.

335 2866 426 2978 Peior·
442 2915 594 2978 borrzuooc'
617 2913 687 2976 bico
703 2913 858 2977 Morosiue'
872 2911 1011 2998 ltilrotpc
1019 2911 1138 2997 jodoci
1160 2910 1268 2996 profot
1293 2911 1436 2997 Mupyur-
1530 2863 1531 2866 Ἴ

559 3109 561 3114 Ι
602 3023 712 3105 orszdp
728 3020 883 3106 dolpuirril
900 3021 1062 3107 tudoottja.
1080 3021 1177 3085 1300.

439 3219 603 3302 Egregie,
628 3218 802 3306 Magnifioo
828 3217 872 3284 ao
893 3220 1017 3306 potenti
1044 3218 1114 3288 viro
1142 3218 1273 3286 domino
1294 3213 1439 3284 Michaeli

333 3327 525 3394 Meuroceno
542 3325 659 3394 comiti
684 3326 836 3396 Jadrcnsi
861 3329 977 3396 Petrus
997 3329 1038 3394 de
1054 3327 1208 3396 Bonzuno
1233 3326 1276 3392 de
1292 3322 1438 3391 Terrisio

332 3453 368 3499 se
385 3436 491 3519 ipsum
508 3441 540 3500 et
555 3455 728 3522 prosperos
745 3435 787 3500 ed
799 3444 876 3505 vota
892 3455 1074 3528 successus.
1085 3436 1262 3523 noveritis,
1281 3434 1365 3520 quod
1380 3451 1438 3516 ego

332 3543 378 3608 l'ui
393 3545 482 3628 apud
498 3544 660 3612 illustrem
678 3543 840 3613 dominum
857 3549 976 3632 Regem
993 3544 1161 3633 ngarie,
1186 3543 1241 3628 qui
1256 3564 1316 3613 sua
1332 3539 1441 3630 gracia

333 3669 383 3714 me
401 3651 514 3717 libenti
531 3653 639 3721 animo
655 3652 749 3736 vidit,
767 3662 798 3720 et
816 3653 914 3718 mittit
930 3654 1101 3739 pecuniam
1117 3652 1160 3717 ed
1182 3650 1315 3718 Curiam
1332 3652 1442 3718 Archi·

269 3840 271 3847 Α
333 3759 543 3844 episcopatus
560 3761 794 3846 strigoniensis
812 3782 869 3846 pro
887 3760 1017 3828 dom-ino
1040 3764 1140 3829 fratre
1155 3761 1308 3847 Antonio,
1325 3769 1357 3826 et
1371 3780 1443 3848 pro·

332 3867 543 3953 mittemini,
562 3870 649 3950 qnod
666 3870 698 3934 in
716 3870 799 3936 sesto
816 3869 910 3934 Beati
927 3870 1060 3937 Martini
1080 3869 1186 3936 mittet
1201 3873 1363 3951 quaterna
1378 3868 1444 3932 mil·

334 3976 380 4041 lia
396 3976 548 4042 librarum
576 3977 783 4044 denariorum
810 3999 867 4064 pro
894 3979 983 4047 sueto
1001 3980 1043 4047 de
1070 3977 1249 4061 Brondolo,
1277 3983 1310 4042 et
1336 3976 1442 4060 credo,

333 4085 420 4168 qnod
436 4085 567 4154 omnino
584 4087 710 4172 mittet5
737 4092 846 4173 elego
864 4087 931 4154 diri
948 4086 1096 4175 pericula
1113 4093 1145 4152 et
1163 4083 1294 4173 damna,
1311 4105 1374 4170 que
1390 4085 1443 4152 do·

333 4194 420 4261 mino
436 4194 518 4261 Duoi
535 4195 667 4261 evenire
691 4201 842 4281 poterant
852 4243 860 4279 ‚
887 4195 916 4263 si
934 4217 999 4264 non
1016 4197 1176 4282 mitteret,
1201 4194 1259 4281 ita,
1277 4194 1364 4276 quod
1380 4214 1444 4263 onr-

333 4303 408 4370 nino
424 4304 548 4389 mittet3
574 4305 653 4372 etsi
678 4305 798 4372 lectum
815 4304 936 4371 domini
962 4305 1074 4372 fratris
1100 4304 1235 4371 Antonii
1251 4323 1317 4370 non
1333 4308 1445 4389 posset

332 4412 501 4499 expediri,
528 4413 681 4498 imposuit
697 4413 794 4497 mihi,
821 4415 908 4498 quod
934 4413 1162 4497 ueteranis,
1190 4431 1271 4496 quos
1289 4413 1388 4479 mittit
1403 4411 1446 4478 cd

333 4521 480 4603 Curiam,
506 4523 631 4590 solvam
657 4521 762 4586 dictos
788 4519 951 4589 denarios.
969 4519 1132 4588 Dominus
1151 4522 1221 4587 Rex
1246 4527 1445 4606 sanuserat,

333 4636 366 4696 et
382 4629 464 4696 bene
481 4631 608 4699 sciebat
624 4632 800 4699 adrentum
818 4621 949 4718 nepotis
965 4633 1063 4719 Regis
1080 4631 1198 4715 Ooroli,
1216 4637 1248 4698 et
1263 4629 1306 4696 de
1320 4649 1361 4700 eo
1379 4651 1445 4700 non
1530 4653 1531 4656 ¹
