<?xml version="1.0" encoding="UTF-8"?>
<!DOCTYPE html PUBLIC "-//W3C//DTD XHTML 1.0 Transitional//EN"
    "http://www.w3.org/TR/xhtml1/DTD/xhtml1-transitional.dtd">
<html xmlns="http://www.w3.org/1999/xhtml" xml:lang="en" lang="en">
 <head>
  <title>
</title>
<meta http-equiv="Content-Type" content="text/html;charset=utf-8" />
  <meta name='ocr-system' content='tesseract 3.04.00' />
  <meta name='ocr-capabilities' content='ocr_page ocr_carea ocr_par ocr_line ocrx_word'/>
</head>
<body>
  <div class='ocr_page' id='page_1' title='image "./codexdiplomatic16wenzgoog_0191.png"; bbox 0 0 3094 5168; ppageno 0'>
   <div class='ocr_carea' id='block_1_1' title="bbox 878 207 1036 310">
    <p class='ocr_par' dir='ltr' id='par_1_1' title="bbox 878 207 1036 310">
     <span class='ocr_line' id='line_1_1' title="bbox 878 207 1036 310; baseline 0 -33"><span class='ocrx_word' id='word_1_1' title='bbox 878 207 1036 310; x_wconf 42' lang='lat' dir='ltr'><strong>jos</strong></span> 
     </span>
    </p>
   </div>
   <div class='ocr_carea' id='block_1_2' title="bbox 398 404 1492 820">
    <p class='ocr_par' dir='ltr' id='par_1_2' title="bbox 398 404 1492 820">
     <span class='ocr_line' id='line_1_2' title="bbox 398 404 1492 491; baseline 0.001 -19"><span class='ocrx_word' id='word_1_2' title='bbox 398 406 457 472; x_wconf 87' lang='lat' dir='ltr'><strong>bus</strong></span> <span class='ocrx_word' id='word_1_3' title='bbox 481 405 672 491; x_wconf 77' lang='lat' dir='ltr'><strong>plenissime</strong></span> <span class='ocrx_word' id='word_1_4' title='bbox 698 405 847 474; x_wconf 76' lang='lat' dir='ltr'>interseri</span> <span class='ocrx_word' id='word_1_5' title='bbox 872 404 1006 473; x_wconf 79' lang='lat' dir='ltr'><strong>fecimus</strong></span> <span class='ocrx_word' id='word_1_6' title='bbox 1031 404 1075 472; x_wconf 84' lang='lat' dir='ltr'><strong>ed</strong></span> <span class='ocrx_word' id='word_1_7' title='bbox 1099 406 1272 473; x_wconf 68' lang='lat' dir='ltr'><strong>ernistum.</strong></span> <span class='ocrx_word' id='word_1_8' title='bbox 1296 409 1334 476; x_wconf 94' lang='lat' dir='ltr'><strong>In</strong></span> <span class='ocrx_word' id='word_1_9' title='bbox 1360 407 1444 477; x_wconf 86' lang='lat' dir='ltr'><strong>onius</strong></span> <span class='ocrx_word' id='word_1_10' title='bbox 1457 409 1492 474; x_wconf 86' lang='lat' dir='ltr'><strong>rei</strong></span> 
     </span>
     <span class='ocr_line' id='line_1_3' title="bbox 398 511 1492 600; baseline -0.001 -22"><span class='ocrx_word' id='word_1_11' title='bbox 398 515 589 584; x_wconf 82' lang='lat' dir='ltr'><strong>memoriam</strong></span> <span class='ocrx_word' id='word_1_12' title='bbox 605 521 735 582; x_wconf 83' lang='lat' dir='ltr'><strong>nostres</strong></span> <span class='ocrx_word' id='word_1_13' title='bbox 759 513 908 581; x_wconf 81' lang='lat' dir='ltr'><strong>dedimus</strong></span> <span class='ocrx_word' id='word_1_14' title='bbox 933 511 1062 580; x_wconf 74' lang='lat' dir='ltr'><strong>litteras</strong></span> <span class='ocrx_word' id='word_1_15' title='bbox 1086 511 1187 600; x_wconf 78' lang='lat' dir='ltr'><strong>sigilli</strong></span> <span class='ocrx_word' id='word_1_16' title='bbox 1210 515 1315 582; x_wconf 80' lang='lat' dir='ltr'><strong>nostri</strong></span> <span class='ocrx_word' id='word_1_17' title='bbox 1341 515 1492 588; x_wconf 81' lang='lat' dir='ltr'><strong>munimine</strong></span> 
     </span>
     <span class='ocr_line' id='line_1_4' title="bbox 398 621 1491 713; baseline 0.002 -25"><span class='ocrx_word' id='word_1_18' title='bbox 398 621 581 692; x_wconf 78' lang='lat' dir='ltr'><strong>roboratos.</strong></span> <span class='ocrx_word' id='word_1_19' title='bbox 615 623 736 691; x_wconf 81' lang='lat' dir='ltr'><strong>Datum</strong></span> <span class='ocrx_word' id='word_1_20' title='bbox 763 624 795 688; x_wconf 90' lang='lat' dir='ltr'><strong>in</strong></span> <span class='ocrx_word' id='word_1_21' title='bbox 822 623 937 709; x_wconf 81' lang='lat' dir='ltr'><strong>vigilie</strong></span> <span class='ocrx_word' id='word_1_22' title='bbox 960 622 1224 692; x_wconf 86' lang='lat' dir='ltr'><strong>Resurreooionis</strong></span> <span class='ocrx_word' id='word_1_23' title='bbox 1251 625 1403 713; x_wconf 83' lang='lat' dir='ltr'><strong>Domini,</strong></span> <span class='ocrx_word' id='word_1_24' title='bbox 1425 643 1491 690; x_wconf 83' lang='lat' dir='ltr'><strong>enno</strong></span> 
     </span>
     <span class='ocr_line' id='line_1_5' title="bbox 398 730 1035 820; baseline -0.005 -22"><span class='ocrx_word' id='word_1_25' title='bbox 398 731 528 799; x_wconf 89' lang='lat' dir='ltr'><strong>Domini</strong></span> <span class='ocrx_word' id='word_1_26' title='bbox 544 731 593 798; x_wconf 74' lang='grc' dir='ltr'><strong>Μ0</strong></span> <span class='ocrx_word' id='word_1_27' title='bbox 607 730 678 800; x_wconf 80' lang='lat'><strong>00⁰</strong></span> <span class='ocrx_word' id='word_1_28' title='bbox 693 733 907 820; x_wconf 77' lang='lat' dir='ltr'><strong>nonagesimo</strong></span> <span class='ocrx_word' id='word_1_29' title='bbox 930 737 1035 802; x_wconf 86' lang='lat' dir='ltr'><strong>sexto.</strong></span> 
     </span>
    </p>
   </div>
   <div class='ocr_carea' id='block_1_3' title="bbox 395 924 1491 1274">
    <p class='ocr_par' dir='ltr' id='par_1_3' title="bbox 395 924 1491 1274">
     <span class='ocr_line' id='line_1_6' title="bbox 395 924 1491 1003; baseline 0.001 -22"><span class='ocrx_word' id='word_1_30' title='bbox 395 925 543 1000; x_wconf 78' lang='lat' dir='ltr'><strong>(Hdrtydn</strong></span> <span class='ocrx_word' id='word_1_31' title='bbox 556 931 726 1003; x_wconf 79' lang='lat' dir='ltr'><strong>gyonyorttn</strong></span> <span class='ocrx_word' id='word_1_32' title='bbox 738 925 810 986; x_wconf 81' lang='lat' dir='ltr'><strong>irre.</strong></span> <span class='ocrx_word' id='word_1_33' title='bbox 824 927 904 982; x_wconf 85' lang='lat' dir='ltr'><strong>Mind</strong></span> <span class='ocrx_word' id='word_1_34' title='bbox 917 946 935 983; x_wconf 81' lang='lat' dir='ltr'><strong>e</strong></span> <span class='ocrx_word' id='word_1_35' title='bbox 948 924 1133 998; x_wconf 82' lang='lat' dir='ltr'><strong>rtividitdselr,</strong></span> <span class='ocrx_word' id='word_1_36' title='bbox 1153 928 1232 983; x_wconf 90' lang='lat' dir='ltr'><strong>mind</strong></span> <span class='ocrx_word' id='word_1_37' title='bbox 1245 925 1396 986; x_wconf 80' lang='lat' dir='ltr'><strong>ditsidben</strong></span> <span class='ocrx_word' id='word_1_38' title='bbox 1407 945 1438 985; x_wconf 76' lang='lat' dir='ltr'>u</span> <span class='ocrx_word' id='word_1_39' title='bbox 1448 925 1491 983; x_wconf 81' lang='lat' dir='ltr'><strong>iris</strong></span> 
     </span>
     <span class='ocr_line' id='line_1_7' title="bbox 398 1015 1491 1090; baseline 0 -18"><span class='ocrx_word' id='word_1_40' title='bbox 398 1015 486 1087; x_wconf 77' lang='lat' dir='ltr'><strong>egdsn</strong></span> <span class='ocrx_word' id='word_1_41' title='bbox 498 1019 650 1088; x_wconf 76' lang='lat' dir='ltr'><strong>knlalakjn</strong></span> <span class='ocrx_word' id='word_1_42' title='bbox 663 1020 785 1090; x_wconf 79' lang='lat' dir='ltr'><strong>annyire</strong></span> <span class='ocrx_word' id='word_1_43' title='bbox 799 1017 974 1074; x_wconf 79' lang='lat' dir='ltr'><strong>emldkeztet</strong></span> <span class='ocrx_word' id='word_1_44' title='bbox 987 1034 1005 1072; x_wconf 81' lang='lat' dir='ltr'>a</span> <span class='ocrx_word' id='word_1_45' title='bbox 1017 1015 1121 1089; x_wconf 79' lang='lat' dir='ltr'><strong>kirtlyi</strong></span> <span class='ocrx_word' id='word_1_46' title='bbox 1135 1018 1267 1074; x_wconf 81' lang='lat' dir='ltr'><strong>iroddbdl</strong></span> <span class='ocrx_word' id='word_1_47' title='bbox 1281 1020 1407 1077; x_wconf 82' lang='lat' dir='ltr'><strong>kikeniilt</strong></span> <span class='ocrx_word' id='word_1_48' title='bbox 1418 1019 1491 1074; x_wconf 76' lang='lat' dir='ltr'><strong>okirr-</strong></span> 
     </span>
     <span class='ocr_line' id='line_1_8' title="bbox 395 1107 1491 1183; baseline -0.001 -21"><span class='ocrx_word' id='word_1_49' title='bbox 395 1108 490 1178; x_wconf 81' lang='lat' dir='ltr'><strong>tolrre,</strong></span> <span class='ocrx_word' id='word_1_50' title='bbox 503 1109 581 1183; x_wconf 81' lang='lat' dir='ltr'><strong>hogy</strong></span> <span class='ocrx_word' id='word_1_51' title='bbox 592 1110 730 1182; x_wconf 78' lang='lat' dir='ltr'><strong>hnjlendd</strong></span> <span class='ocrx_word' id='word_1_52' title='bbox 744 1108 861 1180; x_wconf 75' lang='lat' dir='ltr'><strong>vegyok</strong></span> <span class='ocrx_word' id='word_1_53' title='bbox 875 1107 996 1178; x_wconf 75' lang='lat' dir='ltr'><strong>dllitnni,</strong></span> <span class='ocrx_word' id='word_1_54' title='bbox 1009 1109 1157 1166; x_wconf 79' lang='lat' dir='ltr'><strong>misnerint</strong></span> <span class='ocrx_word' id='word_1_55' title='bbox 1169 1126 1203 1164; x_wconf 85' lang='lat' dir='ltr'><strong>ez</strong></span> <span class='ocrx_word' id='word_1_56' title='bbox 1214 1109 1352 1181; x_wconf 74' lang='lat' dir='ltr'><strong>okmdnyt</strong></span> <span class='ocrx_word' id='word_1_57' title='bbox 1364 1109 1411 1180; x_wconf 83' lang='lat' dir='ltr'><strong>ely</strong></span> <span class='ocrx_word' id='word_1_58' title='bbox 1423 1110 1491 1164; x_wconf 79' lang='lat' dir='ltr'><strong>ireno-</strong></span> 
     </span>
     <span class='ocr_line' id='line_1_9' title="bbox 397 1199 1490 1274; baseline 0 -22"><span class='ocrx_word' id='word_1_59' title='bbox 397 1200 457 1254; x_wconf 83' lang='lat' dir='ltr'><strong>nok</strong></span> <span class='ocrx_word' id='word_1_60' title='bbox 469 1200 533 1271; x_wconf 79' lang='lat' dir='ltr'><strong>itte,</strong></span> <span class='ocrx_word' id='word_1_61' title='bbox 546 1202 576 1256; x_wconf 84' lang='lat' dir='ltr'><strong>ki</strong></span> <span class='ocrx_word' id='word_1_62' title='bbox 589 1201 697 1258; x_wconf 82' lang='lat' dir='ltr'><strong>ezeldtt</strong></span> <span class='ocrx_word' id='word_1_63' title='bbox 709 1199 842 1270; x_wconf 78' lang='lat' dir='ltr'><strong>ekirdiyi</strong></span> <span class='ocrx_word' id='word_1_64' title='bbox 856 1200 998 1256; x_wconf 79' lang='lat' dir='ltr'><strong>iroddben</strong></span> <span class='ocrx_word' id='word_1_65' title='bbox 1005 1199 1131 1274; x_wconf 82' lang='lat' dir='ltr'><strong>jegyndi‚</strong></span> <span class='ocrx_word' id='word_1_66' title='bbox 1145 1217 1230 1274; x_wconf 80' lang='lat' dir='ltr'><strong>vegy,</strong></span> <span class='ocrx_word' id='word_1_67' title='bbox 1244 1199 1282 1254; x_wconf 80' lang='lat' dir='ltr'><strong>he</strong></span> <span class='ocrx_word' id='word_1_68' title='bbox 1291 1200 1405 1270; x_wconf 75' lang='lat' dir='ltr'><strong>tetssik,</strong></span> <span class='ocrx_word' id='word_1_69' title='bbox 1418 1199 1490 1254; x_wconf 83' lang='lat' dir='ltr'><strong>imoki</strong></span> 
     </span>
    </p>
   </div>
   <div class='ocr_carea' id='block_1_4' title="bbox 288 1280 1491 1454">
    <p class='ocr_par' dir='ltr' id='par_1_4' title="bbox 288 1280 1491 1454">
     <span class='ocr_line' id='line_1_10' title="bbox 288 1280 1491 1365; baseline -0.002 -19"><span class='ocrx_word' id='word_1_70' title='bbox 288 1280 289 1283; x_wconf 23' lang='lat'>¹</span> <span class='ocrx_word' id='word_1_71' title='bbox 396 1291 521 1348; x_wconf 79' lang='lat' dir='ltr'><strong>hivetelt</strong></span> <span class='ocrx_word' id='word_1_72' title='bbox 540 1292 633 1348; x_wconf 81' lang='lat' dir='ltr'><strong>viselt.</strong></span> <span class='ocrx_word' id='word_1_73' title='bbox 652 1292 679 1346; x_wconf 85' lang='lat' dir='ltr'>A</span> <span class='ocrx_word' id='word_1_74' title='bbox 691 1291 790 1363; x_wconf 83' lang='lat' dir='ltr'><strong>peesdt</strong></span> <span class='ocrx_word' id='word_1_75' title='bbox 809 1295 893 1347; x_wconf 76' lang='lat' dir='ltr'><strong>vitriis</strong></span> <span class='ocrx_word' id='word_1_76' title='bbox 913 1291 1043 1363; x_wconf 88' lang='lat' dir='ltr'><strong>selymen</strong></span> <span class='ocrx_word' id='word_1_77' title='bbox 1061 1290 1142 1365; x_wconf 72' lang='lat' dir='ltr'>sugg.</span> <span class='ocrx_word' id='word_1_78' title='bbox 1162 1289 1443 1364; x_wconf 76' lang='lat' dir='ltr'><strong>Ponsonykdpteleni</strong></span> <span class='ocrx_word' id='word_1_79' title='bbox 1460 1309 1491 1346; x_wconf 88' lang='lat' dir='ltr'><strong>or·</strong></span> 
     </span>
     <span class='ocr_line' id='line_1_11' title="bbox 540 1380 1365 1454; baseline -0.004 -15"><span class='ocrx_word' id='word_1_80' title='bbox 540 1383 643 1454; x_wconf 79' lang='lat' dir='ltr'><strong>szdgos</strong></span> <span class='ocrx_word' id='word_1_81' title='bbox 656 1381 789 1440; x_wconf 75' lang='lat' dir='ltr'><strong>lerdltdr.</strong></span> <span class='ocrx_word' id='word_1_82' title='bbox 804 1382 899 1454; x_wconf 82' lang='lat' dir='ltr'><strong>Cepse</strong></span> <span class='ocrx_word' id='word_1_83' title='bbox 912 1382 973 1439; x_wconf 88' lang='lat' dir='ltr'>Vll.</span> <span class='ocrx_word' id='word_1_84' title='bbox 987 1381 1070 1438; x_wconf 79' lang='lat' dir='ltr'><strong>Fese.</strong></span> <span class='ocrx_word' id='word_1_85' title='bbox 1085 1385 1109 1438; x_wconf 90' lang='lat'><strong>1.</strong></span> <span class='ocrx_word' id='word_1_86' title='bbox 1123 1380 1192 1439; x_wconf 86' lang='lat' dir='ltr'><strong>Nro.</strong></span> <span class='ocrx_word' id='word_1_87' title='bbox 1206 1383 1231 1437; x_wconf 79' lang='lat'><strong>2.</strong></span> <span class='ocrx_word' id='word_1_88' title='bbox 1250 1382 1365 1452; x_wconf 68' lang='lat' dir='ltr'><strong>Kornos.)</strong></span> 
     </span>
    </p>
   </div>
   <div class='ocr_carea' id='block_1_5' title="bbox 919 2279 996 2348">
    <p class='ocr_par' dir='ltr' id='par_1_5' title="bbox 919 2279 996 2348">
     <span class='ocr_line' id='line_1_12' title="bbox 919 2279 996 2348; baseline 0.013 -2"><span class='ocrx_word' id='word_1_89' title='bbox 919 2279 996 2348; x_wconf 75' lang='lat' dir='ltr'><strong>lot.</strong></span> 
     </span>
    </p>
   </div>
   <div class='ocr_carea' id='block_1_6' title="bbox 306 2477 1491 2869">
    <p class='ocr_par' dir='ltr' id='par_1_6' title="bbox 306 2477 1491 2686">
     <span class='ocr_line' id='line_1_13' title="bbox 391 2477 1491 2571; baseline -0.005 -23"><span class='ocrx_word' id='word_1_90' title='bbox 391 2481 518 2571; x_wconf 71' lang='lat' dir='ltr'><strong>Mttoty</strong></span> <span class='ocrx_word' id='word_1_91' title='bbox 534 2479 624 2568; x_wconf 70' lang='lat' dir='ltr'><strong>Girdf</strong></span> <span class='ocrx_word' id='word_1_92' title='bbox 637 2477 843 2566; x_wconf 80' lang='lat' dir='ltr'><strong>oisszoodltja</strong></span> <span class='ocrx_word' id='word_1_93' title='bbox 867 2479 1016 2562; x_wconf 82' lang='lat' dir='ltr'><strong>Moirtoo,</strong></span> <span class='ocrx_word' id='word_1_94' title='bbox 1037 2477 1151 2546; x_wconf 72' lang='lat' dir='ltr'><strong>Tamo</strong></span> <span class='ocrx_word' id='word_1_95' title='bbox 1166 2483 1199 2544; x_wconf 71' lang='lat' dir='ltr'><strong>es</strong></span> <span class='ocrx_word' id='word_1_96' title='bbox 1213 2479 1316 2546; x_wconf 72' lang='lat' dir='ltr'><strong>Jonas</strong></span> <span class='ocrx_word' id='word_1_97' title='bbox 1343 2479 1448 2568; x_wconf 80' lang='lat' dir='ltr'><strong>delyett</strong></span> <span class='ocrx_word' id='word_1_98' title='bbox 1461 2501 1491 2542; x_wconf 77' lang='lat' dir='ltr'><strong>os</strong></span> 
     </span>
     <span class='ocr_line' id='line_1_14' title="bbox 306 2587 1491 2686; baseline -0.006 -29"><span class='ocrx_word' id='word_1_99' title='bbox 306 2679 309 2686; x_wconf 33' lang='grc' dir='ltr'>Ι</span> <span class='ocrx_word' id='word_1_100' title='bbox 392 2592 491 2679; x_wconf 78' lang='lat' dir='ltr'><strong>opjok</strong></span> <span class='ocrx_word' id='word_1_101' title='bbox 506 2589 590 2656; x_wconf 68' lang='lat' dir='ltr'><strong>altat</strong></span> <span class='ocrx_word' id='word_1_102' title='bbox 606 2589 758 2654; x_wconf 70' lang='lat' dir='ltr'><strong>Lodomer</strong></span> <span class='ocrx_word' id='word_1_103' title='bbox 774 2587 956 2676; x_wconf 68' lang='lat' dir='ltr'><strong>eszteryorni</strong></span> <span class='ocrx_word' id='word_1_104' title='bbox 971 2587 1117 2653; x_wconf 68' lang='lat' dir='ltr'><strong>orsoenos</strong></span> <span class='ocrx_word' id='word_1_105' title='bbox 1134 2590 1177 2652; x_wconf 84' lang='lat'><strong>15</strong></span> <span class='ocrx_word' id='word_1_106' title='bbox 1191 2589 1322 2676; x_wconf 71' lang='lat' dir='ltr'><strong>yirdnyi</strong></span> <span class='ocrx_word' id='word_1_107' title='bbox 1338 2589 1416 2654; x_wconf 76' lang='lat' dir='ltr'><strong>tized</strong></span> <span class='ocrx_word' id='word_1_108' title='bbox 1423 2587 1491 2674; x_wconf 80' lang='lat' dir='ltr'><strong>feje&#39;-</strong></span> 
     </span>
    </p>

    <p class='ocr_par' dir='ltr' id='par_1_7' title="bbox 392 2691 1490 2869">
     <span class='ocr_line' id='line_1_15' title="bbox 392 2691 1490 2786; baseline -0.004 -24"><span class='ocrx_word' id='word_1_109' title='bbox 392 2699 449 2762; x_wconf 84' lang='lat' dir='ltr'><strong>den</strong></span> <span class='ocrx_word' id='word_1_110' title='bbox 474 2699 665 2786; x_wconf 67' lang='lat' dir='ltr'><strong>elzdloqttott</strong></span> <span class='ocrx_word' id='word_1_111' title='bbox 680 2694 768 2782; x_wconf 82' lang='lat' dir='ltr'><strong>Aojo</strong></span> <span class='ocrx_word' id='word_1_112' title='bbox 791 2691 1005 2783; x_wconf 72' lang='lat' dir='ltr'><strong>oeor&#39;tfh&#39;ddet,</strong></span> <span class='ocrx_word' id='word_1_113' title='bbox 1031 2695 1110 2783; x_wconf 77' lang='lat' dir='ltr'><strong>mely</strong></span> <span class='ocrx_word' id='word_1_114' title='bbox 1135 2699 1221 2762; x_wconf 77' lang='lat' dir='ltr'><strong>aze&#39;rt</strong></span> <span class='ocrx_word' id='word_1_115' title='bbox 1246 2697 1414 2763; x_wconf 76' lang='lat' dir='ltr'><strong>dirtolrdvd</strong></span> <span class='ocrx_word' id='word_1_116' title='bbox 1433 2695 1490 2760; x_wconf 74' lang='lat' dir='ltr'><strong>tm.</strong></span> 
     </span>
     <span class='ocr_line' id='line_1_16' title="bbox 902 2804 1000 2869; baseline 0.02 -2"><span class='ocrx_word' id='word_1_117' title='bbox 902 2804 1000 2869; x_wconf 87' lang='grc'><strong><em>1296.</em></strong></span> 
     </span>
    </p>
   </div>
   <div class='ocr_carea' id='block_1_7' title="bbox 389 3001 1518 4616">
    <p class='ocr_par' dir='ltr' id='par_1_8' title="bbox 389 3001 1518 4616">
     <span class='ocr_line' id='line_1_17' title="bbox 499 3001 1490 3090; baseline -0.002 -21"><span class='ocrx_word' id='word_1_118' title='bbox 499 3001 569 3070; x_wconf 86' lang='lat' dir='ltr'><strong>Nos</strong></span> <span class='ocrx_word' id='word_1_119' title='bbox 586 3001 769 3089; x_wconf 79' lang='lat' dir='ltr'><strong>Capitulum</strong></span> <span class='ocrx_word' id='word_1_120' title='bbox 794 3001 943 3071; x_wconf 84' lang='lat' dir='ltr'><strong>Eeolesie</strong></span> <span class='ocrx_word' id='word_1_121' title='bbox 958 3001 1169 3073; x_wconf 90' lang='lat' dir='ltr'><strong>Posoniensis</strong></span> <span class='ocrx_word' id='word_1_122' title='bbox 1194 3004 1420 3090; x_wconf 76' lang='lat' dir='ltr'><strong>significemus</strong></span> <span class='ocrx_word' id='word_1_123' title='bbox 1432 3001 1490 3071; x_wconf 86' lang='lat' dir='ltr'><strong>rni-</strong></span> 
     </span>
     <span class='ocr_line' id='line_1_18' title="bbox 392 3110 1489 3200; baseline -0.002 -22"><span class='ocrx_word' id='word_1_124' title='bbox 392 3110 507 3196; x_wconf 86' lang='lat' dir='ltr'><strong>nersis,</strong></span> <span class='ocrx_word' id='word_1_125' title='bbox 523 3111 641 3194; x_wconf 87' lang='lat' dir='ltr'><strong>quibus</strong></span> <span class='ocrx_word' id='word_1_126' title='bbox 658 3110 799 3199; x_wconf 84' lang='lat' dir='ltr'><strong>expedit,</strong></span> <span class='ocrx_word' id='word_1_127' title='bbox 817 3129 876 3196; x_wconf 86' lang='lat' dir='ltr'><strong>per</strong></span> <span class='ocrx_word' id='word_1_128' title='bbox 885 3117 1057 3198; x_wconf 86' lang='lat' dir='ltr'><strong>presentes</strong></span> <span class='ocrx_word' id='word_1_129' title='bbox 1071 3133 1079 3197; x_wconf 88' lang='lat'>;</span> <span class='ocrx_word' id='word_1_130' title='bbox 1096 3113 1184 3197; x_wconf 88' lang='lat' dir='ltr'><strong>qnod</strong></span> <span class='ocrx_word' id='word_1_131' title='bbox 1194 3111 1382 3180; x_wconf 82' lang='lat' dir='ltr'><strong>constitutis</strong></span> <span class='ocrx_word' id='word_1_132' title='bbox 1396 3131 1489 3200; x_wconf 84' lang='lat' dir='ltr'><strong>perso·</strong></span> 
     </span>
     <span class='ocr_line' id='line_1_19' title="bbox 391 3219 1490 3310; baseline 0.001 -24"><span class='ocrx_word' id='word_1_133' title='bbox 391 3219 510 3288; x_wconf 80' lang='lat' dir='ltr'><strong>naliter</strong></span> <span class='ocrx_word' id='word_1_134' title='bbox 526 3240 637 3288; x_wconf 84' lang='lat' dir='ltr'><strong>eorem</strong></span> <span class='ocrx_word' id='word_1_135' title='bbox 661 3219 754 3289; x_wconf 87' lang='lat' dir='ltr'><strong>nobis</strong></span> <span class='ocrx_word' id='word_1_136' title='bbox 772 3219 912 3287; x_wconf 83' lang='lat' dir='ltr'><strong>Martino</strong></span> <span class='ocrx_word' id='word_1_137' title='bbox 922 3273 932 3308; x_wconf 96' lang='lat'><strong>,</strong></span> <span class='ocrx_word' id='word_1_138' title='bbox 959 3221 1088 3289; x_wconf 74' lang='lat' dir='ltr'><strong>&#39;rhome</strong></span> <span class='ocrx_word' id='word_1_139' title='bbox 1098 3271 1106 3306; x_wconf 89' lang='lat'>‚</span> <span class='ocrx_word' id='word_1_140' title='bbox 1131 3221 1282 3290; x_wconf 86' lang='lat' dir='ltr'><strong>Johenne</strong></span> <span class='ocrx_word' id='word_1_141' title='bbox 1297 3222 1377 3310; x_wconf 88' lang='lat' dir='ltr'><strong>filijs</strong></span> <span class='ocrx_word' id='word_1_142' title='bbox 1393 3223 1490 3302; x_wconf 73' lang='lat' dir='ltr'><strong>Yiron,</strong></span> 
     </span>
     <span class='ocr_line' id='line_1_20' title="bbox 391 3327 1492 3414; baseline 0.001 -20"><span class='ocrx_word' id='word_1_143' title='bbox 391 3328 450 3414; x_wconf 88' lang='lat' dir='ltr'><strong>filij</strong></span> <span class='ocrx_word' id='word_1_144' title='bbox 466 3331 574 3397; x_wconf 86' lang='lat' dir='ltr'><strong>Renes</strong></span> <span class='ocrx_word' id='word_1_145' title='bbox 590 3351 631 3397; x_wconf 86' lang='lat' dir='ltr'><strong>ex</strong></span> <span class='ocrx_word' id='word_1_146' title='bbox 648 3335 834 3414; x_wconf 80' lang='lat' dir='ltr'><strong>ruoperto,</strong></span> <span class='ocrx_word' id='word_1_147' title='bbox 859 3330 986 3398; x_wconf 83' lang='lat' dir='ltr'><strong>(tomite</strong></span> <span class='ocrx_word' id='word_1_148' title='bbox 1005 3327 1167 3398; x_wconf 83' lang='lat' dir='ltr'><strong>Mieheele</strong></span> <span class='ocrx_word' id='word_1_149' title='bbox 1181 3331 1247 3398; x_wconf 86' lang='lat' dir='ltr'><strong>filio</strong></span> <span class='ocrx_word' id='word_1_150' title='bbox 1263 3329 1443 3399; x_wconf 71' lang='lat' dir='ltr'><strong>Salamonis</strong></span> <span class='ocrx_word' id='word_1_151' title='bbox 1457 3329 1492 3396; x_wconf 88' lang='lat' dir='ltr'><strong>de</strong></span> 
     </span>
     <span class='ocr_line' id='line_1_21' title="bbox 393 3435 1491 3528; baseline -0.002 -22"><span class='ocrx_word' id='word_1_152' title='bbox 393 3437 570 3525; x_wconf 80' lang='lat' dir='ltr'><strong>Segitsrijs</strong></span> <span class='ocrx_word' id='word_1_153' title='bbox 586 3437 628 3506; x_wconf 83' lang='lat' dir='ltr'><strong>ab</strong></span> <span class='ocrx_word' id='word_1_154' title='bbox 646 3436 769 3524; x_wconf 81' lang='lat' dir='ltr'><strong>eltere;</strong></span> <span class='ocrx_word' id='word_1_155' title='bbox 796 3437 883 3504; x_wconf 92' lang='lat' dir='ltr'><strong>idem</strong></span> <span class='ocrx_word' id='word_1_156' title='bbox 899 3435 1059 3521; x_wconf 79' lang='lat' dir='ltr'><strong>Thomas,</strong></span> <span class='ocrx_word' id='word_1_157' title='bbox 1085 3439 1242 3507; x_wconf 82' lang='lat' dir='ltr'><strong>Martinus</strong></span> <span class='ocrx_word' id='word_1_158' title='bbox 1258 3435 1321 3528; x_wconf 88' lang='lat' dir='ltr'><strong>(et)</strong></span> <span class='ocrx_word' id='word_1_159' title='bbox 1340 3439 1491 3510; x_wconf 81' lang='lat' dir='ltr'><strong>Johmner</strong></span> 
     </span>
     <span class='ocr_line' id='line_1_22' title="bbox 392 3547 1491 3636; baseline -0.003 -21"><span class='ocrx_word' id='word_1_160' title='bbox 392 3553 466 3616; x_wconf 89' lang='lat' dir='ltr'><strong>sunt</strong></span> <span class='ocrx_word' id='word_1_161' title='bbox 482 3547 645 3632; x_wconf 75' lang='lat' dir='ltr'><strong>confossi,</strong></span> <span class='ocrx_word' id='word_1_162' title='bbox 671 3547 760 3630; x_wconf 87' lang='lat' dir='ltr'><strong>quod</strong></span> <span class='ocrx_word' id='word_1_163' title='bbox 776 3547 951 3630; x_wconf 82' lang='lat' dir='ltr'><strong>quemdem</strong></span> <span class='ocrx_word' id='word_1_164' title='bbox 976 3553 1096 3616; x_wconf 81' lang='lat' dir='ltr'><strong>terrem</strong></span> <span class='ocrx_word' id='word_1_165' title='bbox 1113 3547 1258 3636; x_wconf 82' lang='lat' dir='ltr'><strong>ipsorum</strong></span> <span class='ocrx_word' id='word_1_166' title='bbox 1273 3549 1491 3620; x_wconf 75' lang='lat' dir='ltr'><strong>hereditariam</strong></span> 
     </span>
     <span class='ocr_line' id='line_1_23' title="bbox 389 3653 1491 3745; baseline -0.005 -21"><span class='ocrx_word' id='word_1_167' title='bbox 389 3655 478 3742; x_wconf 83' lang='lat' dir='ltr'><strong>Anje</strong></span> <span class='ocrx_word' id='word_1_168' title='bbox 502 3659 654 3724; x_wconf 79' lang='lat' dir='ltr'><strong>vocatam</strong></span> <span class='ocrx_word' id='word_1_169' title='bbox 680 3653 724 3721; x_wconf 83' lang='lat' dir='ltr'><strong>ed</strong></span> <span class='ocrx_word' id='word_1_170' title='bbox 748 3667 874 3740; x_wconf 87' lang='lat' dir='ltr'><strong>septem</strong></span> <span class='ocrx_word' id='word_1_171' title='bbox 898 3659 1009 3724; x_wconf 71' lang='lat' dir='ltr'><strong>orama</strong></span> <span class='ocrx_word' id='word_1_172' title='bbox 1034 3655 1267 3745; x_wconf 76' lang='lat' dir='ltr'><strong>sufficientem,</strong></span> <span class='ocrx_word' id='word_1_173' title='bbox 1292 3677 1390 3742; x_wconf 83' lang='lat' dir='ltr'><strong>quem</strong></span> <span class='ocrx_word' id='word_1_174' title='bbox 1414 3663 1491 3744; x_wconf 85' lang='lat' dir='ltr'><strong>poter</strong></span> 
     </span>
     <span class='ocr_line' id='line_1_24' title="bbox 389 3760 1491 3848; baseline 0 -20"><span class='ocrx_word' id='word_1_175' title='bbox 389 3763 531 3848; x_wconf 89' lang='lat' dir='ltr'><strong>ipsorum</strong></span> <span class='ocrx_word' id='word_1_176' title='bbox 563 3761 728 3846; x_wconf 75' lang='lat' dir='ltr'><strong>quondam</strong></span> <span class='ocrx_word' id='word_1_177' title='bbox 762 3763 894 3832; x_wconf 93' lang='lat' dir='ltr'><strong>domino</strong></span> <span class='ocrx_word' id='word_1_178' title='bbox 921 3760 1116 3831; x_wconf 86' lang='lat' dir='ltr'><strong>Lodomerio</strong></span> <span class='ocrx_word' id='word_1_179' title='bbox 1143 3763 1267 3833; x_wconf 80' lang='lat' dir='ltr'><strong>Dinine</strong></span> <span class='ocrx_word' id='word_1_180' title='bbox 1293 3767 1491 3835; x_wconf 72' lang='lat' dir='ltr'><strong>miseracione</strong></span> 
     </span>
     <span class='ocr_line' id='line_1_25' title="bbox 390 3871 1490 3960; baseline -0.002 -22"><span class='ocrx_word' id='word_1_181' title='bbox 390 3871 649 3960; x_wconf 85' lang='lat' dir='ltr'><strong>Arohiepiseopo</strong></span> <span class='ocrx_word' id='word_1_182' title='bbox 676 3873 895 3958; x_wconf 78' lang='lat' dir='ltr'><strong>strigoniensi</strong></span> <span class='ocrx_word' id='word_1_183' title='bbox 923 3891 982 3958; x_wconf 86' lang='lat' dir='ltr'><strong>pro</strong></span> <span class='ocrx_word' id='word_1_184' title='bbox 1009 3871 1195 3956; x_wconf 85' lang='lat' dir='ltr'><strong>qnindseim</strong></span> <span class='ocrx_word' id='word_1_185' title='bbox 1225 3879 1345 3944; x_wconf 80' lang='lat' dir='ltr'><strong>mareis</strong></span> <span class='ocrx_word' id='word_1_186' title='bbox 1376 3874 1490 3944; x_wconf 82' lang='lat' dir='ltr'><strong>rasione</strong></span> 
     </span>
     <span class='ocr_line' id='line_1_26' title="bbox 390 3980 1491 4073; baseline -0.004 -23"><span class='ocrx_word' id='word_1_187' title='bbox 390 3980 588 4050; x_wconf 83' lang='lat' dir='ltr'><strong>deeimarum</strong></span> <span class='ocrx_word' id='word_1_188' title='bbox 605 3981 814 4070; x_wconf 81' lang='lat' dir='ltr'><strong>obligaueret</strong></span> <span class='ocrx_word' id='word_1_189' title='bbox 823 4035 832 4071; x_wconf 91' lang='lat'><em>‚</em></span> <span class='ocrx_word' id='word_1_190' title='bbox 860 3989 892 4048; x_wconf 91' lang='lat' dir='ltr'><strong>et</strong></span> <span class='ocrx_word' id='word_1_191' title='bbox 908 4000 983 4050; x_wconf 80' lang='lat' dir='ltr'><strong>eam</strong></span> <span class='ocrx_word' id='word_1_192' title='bbox 999 3984 1065 4051; x_wconf 83' lang='lat' dir='ltr'><strong>iam</strong></span> <span class='ocrx_word' id='word_1_193' title='bbox 1081 3985 1202 4052; x_wconf 87' lang='lat' dir='ltr'><strong>dudum</strong></span> <span class='ocrx_word' id='word_1_194' title='bbox 1228 3985 1328 4073; x_wconf 86' lang='lat' dir='ltr'><strong>duplo</strong></span> <span class='ocrx_word' id='word_1_195' title='bbox 1349 3985 1491 4056; x_wconf 85' lang='lat' dir='ltr'><strong>redimere</strong></span> 
     </span>
     <span class='ocr_line' id='line_1_27' title="bbox 391 4088 1492 4190; baseline 0.003 -33"><span class='ocrx_word' id='word_1_196' title='bbox 391 4088 559 4160; x_wconf 85' lang='lat' dir='ltr'><strong>debuisset</strong></span> <span class='ocrx_word' id='word_1_197' title='bbox 567 4091 735 4190; x_wconf 69' lang='lat' dir='ltr'><strong>„predicti</strong></span> <span class='ocrx_word' id='word_1_198' title='bbox 750 4092 912 4160; x_wconf 78' lang='lat' dir='ltr'><strong>Martinus</strong></span> <span class='ocrx_word' id='word_1_199' title='bbox 921 4145 931 4181; x_wconf 92' lang='lat'><strong>,</strong></span> <span class='ocrx_word' id='word_1_200' title='bbox 957 4091 1104 4162; x_wconf 76' lang='lat' dir='ltr'><strong>&#39;thomos</strong></span> <span class='ocrx_word' id='word_1_201' title='bbox 1120 4101 1153 4162; x_wconf 89' lang='lat' dir='ltr'><strong>et</strong></span> <span class='ocrx_word' id='word_1_202' title='bbox 1168 4093 1338 4165; x_wconf 82' lang='lat' dir='ltr'><strong>Johannes</strong></span> <span class='ocrx_word' id='word_1_203' title='bbox 1362 4096 1403 4164; x_wconf 91' lang='lat' dir='ltr'><strong>de</strong></span> <span class='ocrx_word' id='word_1_204' title='bbox 1417 4094 1492 4162; x_wconf 80' lang='lat' dir='ltr'><strong>tona</strong></span> 
     </span>
     <span class='ocr_line' id='line_1_28' title="bbox 389 4198 1518 4292; baseline -0.004 -23"><span class='ocrx_word' id='word_1_205' title='bbox 389 4198 556 4269; x_wconf 72' lang='lat' dir='ltr'><strong>voluntate</strong></span> <span class='ocrx_word' id='word_1_206' title='bbox 572 4199 720 4286; x_wconf 86' lang='lat' dir='ltr'><strong>ipsorum</strong></span> <span class='ocrx_word' id='word_1_207' title='bbox 736 4199 867 4268; x_wconf 79' lang='lat' dir='ltr'><strong>reoione</strong></span> <span class='ocrx_word' id='word_1_208' title='bbox 883 4199 1166 4286; x_wconf 83' lang='lat' dir='ltr'><strong>oonseqwinitatis</strong></span> <span class='ocrx_word' id='word_1_209' title='bbox 1184 4201 1269 4292; x_wconf 80' lang='lat' dir='ltr'><strong>(igy)</strong></span> <span class='ocrx_word' id='word_1_210' title='bbox 1290 4205 1424 4272; x_wconf 74' lang='lat' dir='ltr'><strong>eandem</strong></span> <span class='ocrx_word' id='word_1_211' title='bbox 1436 4207 1491 4267; x_wconf 87' lang='lat' dir='ltr'><strong>ter·</strong></span> <span class='ocrx_word' id='word_1_212' title='bbox 1516 4285 1518 4288; x_wconf 12' lang='lat' dir='ltr'>v</span> 
     </span>
     <span class='ocr_line' id='line_1_29' title="bbox 390 4305 1492 4399; baseline 0.002 -27"><span class='ocrx_word' id='word_1_213' title='bbox 390 4327 459 4373; x_wconf 85' lang='lat' dir='ltr'><strong>rem</strong></span> <span class='ocrx_word' id='word_1_214' title='bbox 474 4305 562 4393; x_wconf 81' lang='lat' dir='ltr'><strong>Anja</strong></span> <span class='ocrx_word' id='word_1_215' title='bbox 577 4313 729 4379; x_wconf 84' lang='lat' dir='ltr'><strong>vooetem</strong></span> <span class='ocrx_word' id='word_1_216' title='bbox 745 4305 902 4378; x_wconf 76' lang='lat' dir='ltr'><strong>comitem</strong></span> <span class='ocrx_word' id='word_1_217' title='bbox 926 4307 1124 4378; x_wconf 78' lang='lat' dir='ltr'><strong>Michaelem</strong></span> <span class='ocrx_word' id='word_1_218' title='bbox 1139 4331 1200 4398; x_wconf 86' lang='lat' dir='ltr'><strong>pro</strong></span> <span class='ocrx_word' id='word_1_219' title='bbox 1217 4311 1366 4399; x_wconf 79' lang='lat' dir='ltr'><strong>predicta</strong></span> <span class='ocrx_word' id='word_1_220' title='bbox 1381 4328 1492 4378; x_wconf 81' lang='lat' dir='ltr'><strong>summe</strong></span> 
     </span>
     <span class='ocr_line' id='line_1_30' title="bbox 389 4415 1489 4505; baseline 0.006 -25"><span class='ocrx_word' id='word_1_221' title='bbox 389 4415 527 4501; x_wconf 85' lang='lat' dir='ltr'><strong>peounje</strong></span> <span class='ocrx_word' id='word_1_222' title='bbox 544 4433 618 4484; x_wconf 85' lang='lat' dir='ltr'><strong>oum</strong></span> <span class='ocrx_word' id='word_1_223' title='bbox 634 4436 695 4485; x_wconf 83' lang='lat' dir='ltr'><strong>sue</strong></span> <span class='ocrx_word' id='word_1_224' title='bbox 710 4418 853 4504; x_wconf 85' lang='lat' dir='ltr'><strong>peennia</strong></span> <span class='ocrx_word' id='word_1_225' title='bbox 868 4417 1030 4487; x_wconf 89' lang='lat' dir='ltr'><strong>redimere</strong></span> <span class='ocrx_word' id='word_1_226' title='bbox 1047 4420 1278 4505; x_wconf 84' lang='lat' dir='ltr'><strong>permiserunt.</strong></span> <span class='ocrx_word' id='word_1_227' title='bbox 1300 4422 1405 4502; x_wconf 80' lang='lat' dir='ltr'><strong>Quam</strong></span> <span class='ocrx_word' id='word_1_228' title='bbox 1417 4437 1489 4488; x_wconf 82' lang='lat' dir='ltr'><strong>snm·</strong></span> 
     </span>
     <span class='ocr_line' id='line_1_31' title="bbox 389 4524 1491 4616; baseline 0.003 -24"><span class='ocrx_word' id='word_1_229' title='bbox 389 4541 477 4592; x_wconf 83' lang='lat' dir='ltr'><strong>mem</strong></span> <span class='ocrx_word' id='word_1_230' title='bbox 491 4524 629 4610; x_wconf 84' lang='lat' dir='ltr'><strong>peennie</strong></span> <span class='ocrx_word' id='word_1_231' title='bbox 654 4527 810 4616; x_wconf 78' lang='lat' dir='ltr'><strong>magister</strong></span> <span class='ocrx_word' id='word_1_232' title='bbox 825 4529 979 4602; x_wconf 75' lang='lat' dir='ltr'><strong>Andreas</strong></span> <span class='ocrx_word' id='word_1_233' title='bbox 1004 4531 1078 4600; x_wconf 81' lang='lat' dir='ltr'><strong>loeo</strong></span> <span class='ocrx_word' id='word_1_234' title='bbox 1099 4537 1132 4599; x_wconf 89' lang='lat' dir='ltr'><strong>et</strong></span> <span class='ocrx_word' id='word_1_235' title='bbox 1157 4529 1230 4601; x_wconf 82' lang='lat' dir='ltr'><strong>rios</strong></span> <span class='ocrx_word' id='word_1_236' title='bbox 1254 4529 1375 4601; x_wconf 88' lang='lat' dir='ltr'><strong>domini</strong></span> <span class='ocrx_word' id='word_1_237' title='bbox 1399 4526 1491 4602; x_wconf 86' lang='lat' dir='ltr'><strong>nostri</strong></span> 
     </span>
    </p>
   </div>
   <div class='ocr_carea' id='block_1_8' title="bbox 0 0 1552 5168">
    <p class='ocr_par' dir='ltr' id='par_1_9' title="bbox 0 0 1552 5168">
     <span class='ocr_line' id='line_1_32' title="bbox 0 0 1552 5168; baseline 0 0"><span class='ocrx_word' id='word_1_238' title='bbox 0 0 1552 5168; x_wconf 95' lang='lat' dir='ltr'><strong> </strong></span> 
     </span>
    </p>
   </div>
  </div>
 </body>
</html>
