3072 5168
567 306 724 412 ..399-

79 504 258 589 predietis.
274 505 356 573 ltem
369 505 458 588 quod
473 503 614 589 prodisti
630 503 775 573 bomiues
792 505 834 569 de
851 498 996 586 Almisiq
1012 519 1071 568 seu
1084 519 1143 585 per
1152 498 1202 566 ul-

79 614 134 681 los
145 633 259 681 eorum
272 614 325 680 vel
336 613 475 699 alicujus
487 633 607 695 eorum,
626 631 684 680 seu
694 632 754 699 per
763 611 922 697 homiues,
941 609 996 692 qui
1012 629 1048 676 se
1059 615 1205 693 rseepta·

81 727 159 788 rent
175 741 234 808 pro
252 721 311 808 eis,
328 723 381 790 vel
390 729 499 791 esseut
510 723 570 790 sub
582 741 692 790 eorum
702 719 855 804 dominio,
867 740 931 788 non
943 721 1158 788 aeoostabunt
1168 736 1204 782 se

84 849 160 897 oum
172 847 283 898 eorum
293 829 394 917 liguo,
412 832 465 898 vel
476 829 576 918 lignis
589 829 687 900 alieni
698 830 751 897 vel
761 828 927 912 aliquibus
937 829 1027 913 ligno
1043 825 1205 910 vellignis

84 935 305 1006 veneciarum
315 941 367 1004 vel
376 939 594 1006 habitatorum
602 936 826 1020 Venetiarum,
837 935 990 1020 fidelium,
1000 937 1053 1004 vel
1064 933 1205 1002 subdito-

85 1063 156 1110 rum
175 1065 216 1113 oo
232 1045 483 1114 distriotualium
500 1045 623 1114 domini
639 1045 761 1130 Dueis,
777 1063 839 1111 neo
859 1043 998 1111 inferent
1014 1042 1065 1110 vel
1082 1040 1205 1110 laoieut

87 1153 147 1236 eis,
164 1153 218 1218 vel
231 1153 332 1222 alioui
348 1171 468 1238 eorum,
481 1175 543 1222 nee
559 1154 617 1220 alii
632 1153 683 1220 vel
700 1151 787 1237 aliis,
808 1151 863 1237 qui
883 1152 966 1220 foret
986 1151 1038 1216 vel
1055 1147 1204 1216 ferentin

87 1259 174 1328 dioto
186 1261 276 1346 liguo
292 1261 463 1346 vellignis,
474 1261 633 1346 iniuriam,
645 1261 838 1343 molestiam,
854 1259 1040 1344 dompnum,
1052 1256 1201 1324 offensio-

88 1387 166 1436 nem
181 1372 233 1435 vel
252 1388 427 1452 gravamen
444 1368 476 1434 iu
492 1371 643 1456 personis
652 1372 706 1439 vel
722 1369 820 1437 rebus
833 1367 1048 1435 existentibus
1065 1367 1099 1434 iu
1114 1367 1204 1452 liguo

90 1480 142 1548 vel
154 1476 311 1564 liguisllt
321 1478 424 1545 eciam
435 1478 758 1566 prediotosVeuetos,
769 1475 1203 1560 habitatoresVeueoiarum,

89 1584 216 1670 fideles,
228 1585 375 1654 subditos
394 1591 425 1651 et
437 1585 658 1654 distrietuales
675 1585 754 1655 dieti
767 1585 887 1653 domiui
905 1583 1008 1651 Dueis
1025 1583 1203 1650 existentes

90 1695 122 1758 in
139 1695 229 1778 ligno
243 1693 297 1761 vel
312 1693 408 1780 lignis
426 1691 678 1774 forinsecorum,
705 1713 777 1763 oum
792 1693 940 1778 personis
961 1692 1013 1758 vel
1029 1693 1125 1760 rebus
1141 1711 1205 1757 uon

89 1799 267 1886 offendent,
284 1821 345 1870 neo
362 1802 409 1869 eis
429 1801 589 1888 inferent,
616 1822 677 1872 neo
691 1803 814 1871 iaeient
829 1801 993 1888 iujuriam,
1011 1800 1205 1886 molestiam,

91 1910 285 1996 dompnum,
304 1909 536 1994 offensionem,
553 1912 606 1978 vel
622 1931 801 1997 gravamen
815 1911 848 1977 in
871 1908 1022 1996 personis
1038 1908 1089 1977 vel
1107 1910 1205 1976 rebus

91 2036 209 2098 eorum,
226 2016 284 2084 sed
301 2037 357 2086 eos
375 2039 486 2086 omnes
503 2025 536 2084 et
552 2019 698 2104 singulos
723 2039 831 2087 eorum
847 2037 919 2086 oum
935 2016 1084 2101 personis
1101 2022 1133 2082 et
1151 2017 1205 2082 bo-

91 2127 142 2193 uis
160 2127 308 2194 omnibus
325 2135 357 2194 et
382 2129 479 2194 rebus
496 2145 619 2214 eorum,
636 2133 704 2194 tom
729 2126 763 2194 in
780 2127 847 2194 suis
868 2143 966 2209 quam
982 2124 1016 2192 in
1032 2124 1204 2193 lorinseeo·

90 2255 161 2302 rum
178 2235 266 2320 ligno
283 2237 335 2305 vel
360 2235 459 2321 lignis
474 2235 643 2302 habebunt
657 2235 768 2301 saluos
792 2241 823 2298 et
841 2251 983 2315 seeuros,
1000 2251 1061 2300 neo
1079 2233 1206 2301 venient

92 2346 135 2410 ab
151 2345 288 2408 Ancona
298 2343 382 2410 ultra
392 2361 495 2425 usque
507 2342 677 2425 Venetiae,
689 2362 749 2410 neo
766 2341 850 2408 Anio
862 2335 908 2427 (l)
920 2341 1004 2406 ultro
1019 2359 1135 2406 versus
1147 2337 1206 2407 Ve-

94 2451 218 2536 neeies,
233 2449 299 2518 uisi
315 2459 402 2518 esset
412 2457 545 2536 propter
555 2450 720 2518 fortunam
730 2455 787 2515 aut
802 2445 1026 2515 austeritatem
1043 2447 1207 2534 temporis.

91 2560 128 2624 In
146 2577 208 2642 quo
225 2558 355 2643 quidem
373 2557 531 2624 nemiuem
550 2556 795 2624 offendenttam
811 2555 974 2623 venetum
990 2575 1084 2639 quam
1101 2556 1207 2625 foren-

91 2687 161 2733 sem
174 2689 182 2752 ;
198 2665 259 2734 sed
274 2668 426 2735 redibunt
443 2666 528 2734 ultra
543 2665 650 2734 diotos
661 2663 806 2733 contines
824 2684 921 2748 quam
937 2670 1088 2750 poterunt
1103 2665 1207 2730 eitius.

91 2775 242 2842 Oeterum
254 2774 284 2842 si
293 2774 495 2860 contingeret
511 2772 620 2857 aliquo
636 2793 727 2858 oasn,
739 2771 823 2855 quod
834 2791 894 2857 per
909 2773 1031 2840 dietum
1043 2771 1207 2840 dominnm

90 2882 252 2952 Comitem
267 2881 443 2969 Georgium
459 2884 513 2952 vel
533 2881 673 2966 aliquem
690 2881 853 2949 bominem
870 2881 1007 2965 Almisii,
1024 2901 1082 2952 seu
1098 2879 1208 2949 subdi·

89 3001 199 3060 torum
223 2992 354 3059 suorum
380 2991 512 3060 daretm
528 2989 702 3076 dampnum
725 2989 823 3058 alioui
839 2990 975 3076 Veneto,
992 2989 1152 3076 subjeoto,
1169 2987 1208 3054 ti-

91 3100 167 3184 deli,
184 3099 365 3170 habitatori
381 3101 435 3168 vel
448 3100 645 3168 districtuali
661 3097 741 3166 dieti
757 3098 878 3166 domiui
896 3100 995 3168 Duois
1010 3109 1044 3167 et
1059 3100 1206 3166 Commo·

91 3209 142 3275 uis
159 3208 385 3294 Veueoiarum,
402 3211 487 3291 quod
497 3209 569 3294 ipse
584 3207 732 3277 dominus
749 3205 867 3276 Comes
883 3208 1042 3293 Georgius
1057 3214 1207 3275 teneatur

90 3321 196 3384 totum
212 3313 391 3398 dampnum
408 3311 485 3382 illud
497 3313 620 3401 datum,
631 3335 702 3384 oum
718 3314 814 3384 luerit
830 3335 891 3400 per
906 3313 1068 3384 dominum
1085 3316 1207 3385 Dneem

91 3421 286 3506 requisitum
309 3421 397 3489 infre
412 3442 510 3490 unum
525 3441 689 3509 mensem,
714 3430 887 3511 postquam
904 3427 977 3510 ipsa
994 3429 1127 3512 saytea,
1155 3425 1208 3492 vel

91 3531 235 3615 liguum,
261 3530 314 3596 vel
326 3529 418 3616 ligna
433 3530 467 3596 in
483 3529 653 3600 Almisinm
662 3583 671 3616 ,
696 3533 806 3600 velud
824 3534 899 3602 losa
915 3533 968 3602 vel
994 3540 1100 3601 terras
1116 3553 1206 3616 suas,

91 3641 228 3706 bouum
243 3657 373 3706 suorum
391 3639 444 3705 vel
454 3636 589 3705 alterius
601 3659 722 3722 eorum,
732 3659 791 3708 sen
801 3641 968 3710 terraeve!
985 3641 1060 3710 looa
1075 3641 1208 3726 fidejus·

91 3767 201 3816 sorum
217 3746 355 3832 redibit,
372 3766 431 3816 seu
446 3746 591 3815 homines
618 3747 719 3830 ipsius
736 3745 816 3833 ligni
832 3751 885 3815 vel
900 3756 1016 3838 saytee
1032 3758 1087 3818 aut
1104 3749 1208 3818 disea-

91 3856 210 3942 rigatis
236 3855 289 3922 vel
314 3855 423 3922 missis
447 3853 547 3922 rebus
572 3855 717 3939 aoeeptis
733 3855 765 3919 iu
792 3855 973 3942 Almisium,
997 3858 1050 3925 vel
1066 3858 1099 3923 in
1115 3859 1209 3926 terris

91 3965 147 4030 vel
162 3971 269 4030 terras
293 3960 522 4049 fidejussorum
537 3963 590 4030 vel
611 3965 824 4030 communium
840 3963 1131 4052 infrascriptorum,
1156 3967 1209 4034 vel

91 4074 125 4140 in
143 4073 228 4139 alius
253 4070 420 4156 subjectos
446 4070 595 4156 predioto
621 4067 761 4136 Domino
779 4071 894 4137 Oomiti
912 4071 1054 4158 Georgio
1073 4073 1125 4140 vel
1142 4071 1207 4138 ira·

92 4181 199 4248 tribus
215 4179 320 4266 ipsius
337 4197 528 4262 quoeunque
543 4179 640 4245 modo
656 4179 778 4244 dietum
795 4178 948 4246 damnum
964 4186 1064 4249 totum
1080 4181 1207 4267 integre

91 4289 296 4358 satissaoere.
314 4288 357 4356 lit
372 4288 400 4355 si
417 4287 539 4354 dietum
557 4289 679 4373 lignum
705 4287 759 4354 vel
776 4285 874 4371 ligna,
893 4289 943 4354 vel
967 4309 1049 4374 gens
1066 4307 1208 4358 suanos

91 4397 217 4466 rediret
227 4397 270 4463 ad
285 4397 360 4462 looa
374 4395 537 4483 predicte,
552 4396 607 4463 vel
623 4393 756 4460 fratrum
774 4412 912 4481 auorum,
930 4397 982 4463 vel
999 4395 1134 4466 alterius
1151 4416 1209 4464 eo-

94 4527 174 4590 rum,
190 4511 225 4573 et
240 4502 390 4572 dominus
415 4504 488 4572 Dux
505 4505 610 4591 ipsum
636 4503 789 4572 damnum
813 4509 939 4588 peteret
962 4505 1015 4570 nel
1029 4504 1209 4588 requireret

94 4623 171 4685 aute
186 4632 376 4702 regressum
393 4631 502 4694 suum,
520 4614 666 4702 promisit
678 4613 758 4682 dare
773 4621 897 4682 tautum
913 4615 944 4679 in
962 4633 1074 4682 aurum
1090 4615 1143 4682 vel
1158 4635 1207 4684 ar-
