3144 5180
346 1163 366 1228 l
371 1163 404 1226 V.
425 1160 544 1246 Mittor
559 1166 650 1248 pcipe
666 1162 917 1248 Mapparorazdp
926 1159 1157 1250 sdpupjao'nalr,
1167 1160 1349 1245 fdurainult
1364 1167 1395 1229 de
1409 1165 1465 1228 ke·
1550 1181 1551 1188 ’

344 1273 482 1356 rseztydn
499 1271 687 1336 lukoroc'aalc
702 1270 899 1356 mepbcpgp'n,
917 1269 996 1357 bepy
1013 1270 1127 1335 Jdnost
1135 1271 1215 1355 Jaca'i
1223 1271 1381 1358 pltapdlelit
1391 1325 1399 1358 ,
1416 1272 1467 1336 kit

434 1379 572 1464 apostoli
587 1377 713 1443 leiloetc'il
728 1401 767 1442 oz
786 1379 938 1464 orozdpbo
954 1378 1086 1464 thdou,
1103 1377 1241 1463 acqitcdk.
1260 1380 1355 1443 1291.

450 1576 608 1644 Nicolans
645 1579 825 1663 Episcopus
852 1597 966 1645 seruus
993 1595 1156 1645 seruorum
1182 1575 1245 1640 Dei
1269 1575 1466 1643 venerabili·
1551 1540 1552 1592 l

343 1686 404 1753 bus
430 1685 588 1754 iratribus
614 1687 884 1772 drobiepiseopis
909 1693 941 1751 et
957 1685 1149 1772 Episcopis,
1175 1703 1215 1751 ac
1232 1685 1358 1752 dilectis
1382 1686 1462 1753 tiliis

343 1794 477 1879 illectis,
495 1796 701 1880 Abbatibus,
720 1796 907 1878 Prioribus,
924 1797 1088 1880 Decanis,
1109 1794 1367 1878 Arobidiaconis,
1383 1795 1462 1862 Pre-

342 1905 460 1990 positis
480 1913 513 1972 et
539 1905 616 1973 aliis
643 1906 867 1972 Ecclesiarnm
893 1905 1034 1972 Prolatis
1059 1923 1117 1990 per
1144 1903 1288 1988 Regnum
1314 1901 1462 1989 Ungarie

343 2012 529 2080 constitutis
546 2016 688 2082 salutem
715 2021 748 2080 ct
765 2013 992 2100 Apostolicam
1017 2010 1284 2079 benedictionem.
1309 2012 1380 2080 sesi
1398 2013 1462 2078 Bo·
1552 2077 1553 2092 ,

342 2141 442 2190 mana
457 2123 622 2206 Ecclesia,
641 2131 830 2190 cunctorum
856 2129 961 2190 mater
977 2130 1010 2189 et
1025 2123 1184 2207 magistra
1200 2120 1356 2204 fidelium,
1373 2121 1461 2188 circa
1552 2107 1553 2126 *

342 2232 508 2298 salubrem
524 2233 712 2318 Regnorum
729 2234 829 2301 tetius
845 2233 1103 2300 Christianitatis
1128 2237 1249 2298 statum
1267 2231 1461 2298 sollicitudi-

341 2341 392 2408 nis
409 2342 552 2409 stndium
578 2343 724 2426 gesserit
739 2339 926 2427 diligentis,
943 2363 964 2408 a
979 2343 1088 2424 longis
1111 2348 1219 2409 tamon
1235 2348 1323 2406 retro
1339 2348 1461 2427 tempe-

340 2449 431 2518 ribus
447 2452 535 2517 oirea
560 2458 682 2518 statum
708 2451 813 2535 Regni
831 2450 976 2534 Ungarie
998 2468 1189 2534 prosperum
1215 2455 1248 2515 ct
1263 2449 1408 2515 votivum
1425 2469 1460 2515 se

341 2579 421 2628 cura
437 2559 592 2644 pervigili
610 2565 643 2625 et
660 2557 804 2641 quadam
815 2559 966 2625 sollertia
982 2558 1122 2644 speciali
1133 2564 1292 2623 attentam
1304 2557 1458 2641 exhibuit,

226 2745 232 2754 ¹
341 2675 374 2735 ct
390 2666 547 2734 exhibere
564 2685 627 2733 nou
644 2674 773 2742 cessat,
789 2675 822 2732 ct
838 2673 906 2734 tam
922 2685 982 2754 per
998 2665 1194 2750 Legatorum
1211 2683 1250 2730 ae
1265 2665 1456 2732 Nunticrum

340 2775 514 2844 missiones
542 2774 760 2856 accomodes,
790 2784 886 2859 prout
912 2785 1092 2862 temporum
1123 2775 1269 2860 qualitas
1295 2775 1456 2861 exigebat,

339 2903 437 2967 quam
453 2885 541 2951 alias
558 2885 659 2950 eliam
678 2885 889 2969 multipharie
905 2887 1081 2969 multisque
1097 2883 1201 2952 modis
1217 2883 1375 2951 laborare
1390 2894 1456 2952 stu-

339 2991 420 3072 duit,
437 2999 472 3056 ut
489 2997 596 3059 status
614 2991 760 3061 eiusdem
786 2993 887 3076 Regni
913 2991 1049 3062 devotos
1065 2993 1153 3059 soliti
1177 2993 1357 3078 producere
1376 2993 1456 3060 lilios

339 3101 487 3186 pacificis
505 3107 538 3168 et
553 3099 743 3182 tranquillis
762 3101 974 3168 successibus
990 3101 1166 3180 fulciretur,
1183 3103 1253 3168 Deo
1264 3109 1379 3185 gratus
1395 3101 1457 3168 eri·

340 3217 459 3290 steret,
477 3228 516 3275 ac
533 3207 676 3276 salubris
693 3208 870 3276 haberetur
895 3217 928 3275 et
943 3210 1033 3276 utilis
1052 3211 1168 3276 incolis
1184 3209 1264 3276 dicti
1280 3212 1407 3295 Regni,
1428 3219 1457 3276 et

339 3324 373 3382 nt
388 3315 469 3384 tides
486 3315 660 3383 Catholica
670 3371 678 3404 ,
707 3337 766 3402 per
781 3337 879 3401 quam
898 3318 1031 3385 celestis
1049 3317 1265 3386 beatitudiuis
1280 3319 1456 3403 acquiritur

338 3423 453 3508 gloria,
472 3423 640 3492 radicibus
657 3425 774 3493 solidis
790 3428 973 3493 firmaretur
989 3439 1022 3494 et
1038 3427 1213 3496 stabilibus
1228 3437 1454 3497 manutenere·

341 3539 394 3598 tur
420 3533 538 3602 studiis
563 3534 597 3600 in
623 3535 751 3602 eodem.
784 3535 880 3602 Unde
905 3537 1013 3602 felicis
1038 3537 1273 3612 recordationis
1299 3539 1455 3606 Nicolaus

341 3641 433 3724 Papa
449 3641 508 3707 lll.
523 3645 740 3726 predecessor
756 3651 887 3726 noster,
914 3647 1071 3730 perducto
1088 3647 1131 3714 ad
1147 3649 1218 3714 eius
1238 3645 1391 3715 notitiam
1406 3671 1457 3714 va·

339 3745 407 3814 lide
434 3750 628 3817 turbationis
653 3751 864 3838 discrimine,
898 3755 984 3835 qnod
1008 3755 1041 3819 in
1067 3753 1181 3837 Regno
1206 3757 1277 3839 ipso
1309 3762 1454 3842 tempore

338 3855 501 3938 qnondam
518 3857 556 3922 L.
574 3861 674 3944 Regis
702 3861 848 3946 Ungarie
874 3883 978 3951 nuper
994 3863 1113 3931 sublati
1134 3861 1298 3931 demedio
1315 3867 1456 3934 immine·

338 3964 406 4049 bat,
422 3973 454 4030 et
470 3967 557 4049 alia,
583 3987 645 4050 que
663 3969 851 4054 dampnatis
878 3972 1012 4037 ansibus
1035 3973 1312 4056 perpetrabantur
1338 3975 1453 4044 ibidem

339 4071 372 4138 in
388 4071 633 4158 derogationem
658 4097 722 4143 non
739 4079 903 4148 modicam
920 4079 995 4147 fidei
1018 4081 1221 4166 Christiane,
1237 4085 1450 4150 conculcatio·

338 4195 412 4243 nem
430 4181 653 4249 ecclesiastice
679 4183 845 4254 libertatis
863 4197 894 4255 et
919 4191 1152 4275 oppressiones
1169 4190 1369 4277 multiplices
1385 4195 1450 4260 Pre-

337 4285 489 4372 lctorum,
506 4290 748 4374 Ecclesiarum,
778 4299 1051 4365 monasteriorum
1068 4309 1101 4364 st
1116 4298 1253 4368 aliorum
1270 4303 1399 4386 piorum
1413 4303 1450 4368 lo

338 4409 448 4460 corum
464 4397 570 4480 Regni
586 4401 747 4486 predicti,
773 4407 886 4472 volens
902 4408 1003 4474 tantis
1020 4416 1136 4475 ettam
1153 4411 1308 4492 gravibus
1325 4413 1449 4479 obviare

338 4503 513 4588 periculis,
540 4515 572 4572 ct
589 4505 676 4575 (lieri
693 4529 731 4576 ac
749 4513 912 4579 Beronum
931 4525 963 4582 et
980 4517 1094 4601 populi
1121 4517 1268 4584 eiusdem
1284 4521 1388 4603 Regni
1406 4519 1446 4584 di-

339 4610 486 4692 spendiis
512 4615 714 4697 compatiens
740 4637 781 4684 cx
799 4620 938 4708 affeetu,
963 4625 1004 4690 nd
1021 4627 1171 4708 Regnum
1188 4625 1297 4711 ipsum
1323 4648 1445 4695 venera·
