3144 5180
102 556 189 622 toris
206 561 239 624 et
256 558 288 622 in
306 555 421 624 eadem
440 555 509 622 Deo
536 555 770 622 famulantibus
790 577 848 641 pro
865 564 1033 643 tempore,
1060 561 1231 645 Preposito

102 664 236 733 scilicet
255 673 287 732 et
304 665 478 750 Capitnlo,
506 683 569 730 vna
588 683 659 732 oum
687 667 755 730 suis
772 667 870 732 terris
887 673 919 733 et
935 666 1130 734 utilitatibus
1155 671 1233 754 alijs

103 773 279 854 omnibus,
307 777 376 842 iure
394 781 425 840 et
442 779 607 859 potestate
624 775 776 858 perpetui
793 779 825 840 et
851 773 1078 842 irreuocabilis
1095 776 1230 860 dominij

101 881 350 968 deuoluendos‚
378 891 411 947 et
426 880 564 966 pacifice
590 901 630 946 ac
646 881 795 965 plenarie
823 881 1064 963 relinquendos.
1089 884 1127 950 In
1143 886 1233 951 onius

103 1011 166 1076 rey
183 997 377 1076 perpetuam
399 988 584 1056 firmitatem
603 997 636 1056 et
652 990 843 1056 memoriam
862 990 1091 1073 sempiternam
1118 994 1162 1060 ad
1179 1015 1228 1062 re·

100 1099 267 1168 lacionem
286 1097 471 1166 eorumdem
498 1096 699 1164 dominorum
717 1103 752 1163 et
772 1097 933 1162 sociorum
950 1119 989 1164 ao
1007 1093 1157 1180 (fratrum
1174 1122 1228 1168 no·

101 1207 263 1294 stlrorum
290 1227 416 1274 necnon
451 1207 588 1272 aliorum
622 1205 787 1270 hominnm
814 1204 1033 1289 predictorum
1060 1215 1231 1290 presentes

100 1317 220 1382 literas
238 1315 338 1398 sigilli
365 1317 469 1380 nostri
493 1314 695 1397 appensione
711 1319 743 1378 et
769 1311 946 1378 munimine
971 1310 1122 1380 dedimus
1147 1334 1229 1382 com·

103 1425 262 1488 munitas.
294 1421 412 1488 Datum
440 1441 498 1508 per
524 1439 641 1486 manns
668 1419 802 1487 disereti
818 1419 881 1484 viri
905 1420 1052 1507 magistri
1070 1421 1231 1507 cypriani

102 1533 256 1600 Ecclesia
275 1569 313 1578 —
333 1566 376 1576 -
394 1565 435 1576 -
458 1568 494 1577 —
512 1528 645 1598 Domini
663 1528 711 1594 Μο
725 1528 1016 1614 OO⁰nonegesimo
1033 1529 1147 1616 primo,
1165 1538 1227 1596 ter-

103 1640 156 1706 cio
174 1641 287 1706 Nonas
307 1635 520 1722 Septembris.

102 1868 240 1940 (Hartya.
266 1869 292 1922 A
315 1866 473 1940 pecsdtnck
496 1868 567 1924 enak
588 1867 735 1940 kdksdrga
757 1867 883 1938 zsindrju
905 1884 963 1922 van
987 1883 1061 1939 meg.
1083 1865 1229 1936 Pocsony-

101 1958 256 2032 kdptalani
276 1949 505 2032 maganlovel'tdr
519 1957 617 2030 Capsa
630 1955 652 2012 C
666 1957 748 2014 Fasc.
761 1956 786 2010 4.
800 1954 868 2010 Nro.
882 1957 925 2010 34.
939 1957 1032 2013 Revid
1045 1957 1228 2014 lrivonatban

361 2047 491 2120 FcJ'dme'l
506 2047 575 2106 Cod.
590 2049 669 2120 Dipl.
684 2046 730 2102 Vl.
747 2047 768 2102 Ι.
783 2050 842 2104 189.
862 2044 975 2116 Krtccz.)

642 3107 700 3176 33.

108 3367 301 3466 Upyauazon
318 3363 420 3427 Jdrroc
430 3417 438 3450 ‚
452 3363 604 3448 prozsoopi
620 3361 811 3448 odejobbo'py
829 3362 1018 3452 (odrmapy),
1045 3389 1065 3427 α
1077 3365 1228 3448 pozsorryi

97 3472 349 3558 slitemplomnalc
374 3471 606 3553 aclomdayozzo
621 3471 872 3556 adpreodelelilep
888 3495 992 3559 oppon
1013 3472 1115 3536 Ttlrrre
1132 3471 1226 3536 buco·

349 3579 415 3642 luit.
432 3551 542 3664 slimja
559 3601 579 3640 a
594 3579 684 3663 pyo'ri
699 3579 864 3668 lodptulau.
883 3583 979 3644 1291.

211 3817 281 3882 Nos
299 3814 485 3898 Capitulum
512 3813 662 3882 Ecclesie
679 3814 861 3882 lauriensis
888 3815 1041 3883 memorie
1065 3832 1223 3881 commen-

104 3924 225 3990 dantes
252 3923 478 4006 significamus
502 3921 686 4001 vniuersis,
714 3921 831 4006 quibus
861 3923 992 4007 expedit
1018 3921 1224 4006 presencium

103 4052 162 4116 per·
178 4037 346 4102 tenorem,
374 4031 460 4112 quod
486 4029 682 4096 accedentes
710 4029 751 4096 ad
777 4037 925 4096 nostram
951 4031 1157 4114 presenciam
1175 4030 1223 4096 di-

104 4140 206 4206 screti
223 4141 284 4206 viri
310 4139 460 4221 magistri
482 4138 636 4204 Andreas
661 4143 693 4202 et
710 4137 867 4204 Nicolaus
891 4136 1049 4204 (laconici
1074 4137 1224 4205 Ecclesie

103 4245 316 4313 Posouiensis
342 4247 557 4312 exhibuerunt
573 4246 666 4313 nobis
685 4246 843 4330 quasdam
867 4247 996 4312 litteras
1014 4247 1164 4323 clausus,
1182 4246 1224 4311 si·

105 4357 182 4442 gillo
201 4355 320 4422 nobilis
346 4364 379 4422 et
404 4355 527 4422 strenui
553 4356 614 4419 viri
637 4355 798 4421 Johannis
824 4354 883 4439 filij
901 4354 989 4420 Petri
1006 4353 1064 4438 filij
1091 4352 1226 4421 Chulrdr

106 4465 145 4530 de
161 4465 325 4532 Comitatu
352 4463 556 4548 Posouiensi⁸
572 4461 755 4545 sigillatas,
784 4467 933 4545 potentes
957 4461 1087 4528 nomine
1103 4461 1223 4528 civice

107 4572 264 4658 Propositi
281 4593 321 4639 ac
345 4570 487 4656 Capituli
503 4575 681 4638 memorate
703 4571 894 4638 Posouiensi
911 4569 1116 4653 Ecclesiam
1132 4572 1223 4652 ipsas

106 4683 231 4748 litteras
248 4681 370 4766 aperiri
388 4687 421 4747 et
437 4681 497 4748 sub
514 4687 624 4748 nostro
642 4680 751 4766 sigillo
768 4679 984 4763 transcriptas
1000 4679 1034 4744 in
1052 4677 1218 4761 publicam
