3072 5168
367 1079 568 1169 Apozanrtyt'
582 1083 736 1169 kdptolaa
762 1083 1041 1172 dizoayadplovolo,
1067 1089 1144 1174 hopy
1168 1089 1328 1178 Dodropoz
1350 1093 1462 1178 ittarta

365 1192 473 1278 nyolea
488 1190 619 1280 koldapt'
640 1192 850 1278 sadrntdffildot
865 1192 1133 1284 sant-Gypopyi
1156 1197 1329 1264 Jatatenk
1350 1199 1460 1267 elodott.

876 1305 972 1370 1293.

757 1503 798 1570 Δ.
906 1501 942 1570 G·
1048 1502 1092 1571 D.

467 1645 638 1720 Vniuersis
654 1649 776 1720 christi
785 1645 933 1720 fidelibus
948 1655 1121 1735 presentes
1136 1650 1263 1719 litterae
1279 1651 1459 1740 inspeetnrir

358 1756 545 1844 Capitulum
563 1758 714 1830 Eoolesie
729 1758 943 1828 Posoniennis
968 1758 1110 1828 salntem
1125 1758 1158 1824 in
1176 1759 1292 1829 salutis
1307 1761 1460 1848 largitore.

359 1865 412 1936 Ad
429 1863 654 1937 vuinersorum
671 1868 828 1938 noticiam
843 1861 958 1936 tonor'e
973 1868 1177 1954 presencium
1197 1868 1344 1936 nolumus
1359 1888 1461 1955 perne·

359 1975 447 2057 nire,
468 1975 554 2058 quod
582 1975 769 2047 constitutis
794 1973 1013 2062 personaliter
1039 1995 1147 2043 eoram
1163 1974 1257 2046 nobie
1283 1978 1382 2046 Paulo
1402 1976 1460 2043 filio

358 2085 487 2152 Primus
497 2079 555 2169 (i),
574 2085 700 2154 Karolo
716 2082 783 2150 tilio
802 2081 923 2172 Kyris,
949 2085 1074 2152 Korma
1099 2083 1166 2150 filio
1191 2085 1315 2170 Bnhto,
1341 2089 1459 2154 Matheo

357 2193 425 2260 tilio
441 2192 526 2261 Jaoo
542 2213 600 2279 pro
617 2213 672 2278 se,
691 2199 723 2262 et
738 2213 797 2279 pro
823 2200 894 2262 tota
908 2193 989 2260 uilla
1003 2191 1176 2280 Dobrogoz
1185 2245 1195 2279 ,
1219 2193 1262 2262 ab
1277 2215 1345 2262 una
1360 2205 1458 2280 parte,

358 2301 484 2370 Jaoobo
502 2299 568 2370 tilio
584 2301 673 2370 Petri
690 2301 731 2368 de
752 2302 874 2372 Sancto
894 2301 1047 2387 Georgio,
1071 2301 1221 2369 Johanne
1244 2301 1311 2370 filio
1328 2302 1459 2386 Vonehn,

358 2429 416 2495 pro
432 2431 469 2478 se
495 2417 529 2478 et
543 2431 605 2497 pro
631 2410 783 2496 oogaatis
809 2410 896 2495 suis,
924 2409 1050 2476 scilieet
1075 2409 1152 2496 filijs
1177 2409 1319 2478 Ohwnur
1345 2411 1459 2496 etfitijs

358 2516 484 2600 Komin,
502 2522 544 2588 ab
560 2519 686 2604 altera,
713 2517 799 2586 idem
816 2519 937 2586 Paulus
953 2539 1026 2586 enm
1044 2519 1193 2585 omnibus
1214 2521 1316 2606 sooijs
1332 2523 1397 2588 suis
1414 2541 1458 2587 sn·

357 2624 516 2710 predictis
532 2633 584 2694 est
600 2627 770 2696 ooniessns
786 2629 919 2697 oraculo
936 2628 1011 2696 nine
1030 2628 1138 2711 uoois,
1163 2625 1249 2711 qnod
1265 2629 1328 2714 ipsi
1345 2648 1400 2715 per
1413 2647 1458 2695 ne·

357 2734 538 2802 nerahilem
574 2743 702 2823 petrem
727 2735 918 2808 Ladislanm
954 2735 1017 2805 Dei
1040 2739 1155 2824 grania
1181 2735 1457 2826 Arohiepisoopnn

358 2842 653 2928 strigoniensium,
681 2844 843 2916 dominnm
869 2848 1034 2933 ipsorum,
1060 2846 1093 2911 in
1108 2845 1263 2912 maiorem
1288 2847 1459 2914 libertatern

357 2952 503 3019 nolentes
519 2973 557 3022 se
573 2953 758 3023 transferre
767 3005 777 3041 ,
795 2961 990 3042 attempero
1014 2954 1239 3022 tribulacionis
1258 2972 1318 3039 per
1338 2954 1457 3021 nimiam

357 3061 614 3130 destrnoeionem
642 3062 862 3150 depauperati
888 3061 1095 3145 extitissent,
1124 3069 1156 3128 et
1179 3081 1276 3146 quam
1299 3061 1458 3146 plurimum

358 3189 502 3258 expansa
526 3169 701 3256 indigerit,
727 3180 800 3240 neto
827 3173 943 3258 iugera
966 3179 1124 3239 terrarum
1149 3169 1323 3238 arabilium
1341 3169 1457 3256 depro-

355 3281 439 3367 prijs
456 3279 664 3366 hereditarijs
680 3279 888 3366 eorumdem,
907 3297 969 3364 qno
986 3282 1097 3348 iaoent
1112 3279 1199 3346 eirea
1215 3285 1339 3345 terram
1355 3279 1457 3350 Jaeobi

356 3388 533 3478 antedicti,
561 3408 695 3473 qnorum
712 3409 795 3456 nnus
820 3389 896 3458 finis
913 3389 1019 3458 tendit
1042 3405 1156 3457 uersas
1172 3387 1259 3456 viam
1284 3387 1457 3474 Dobrogon,

356 3497 441 3568 alius
457 3496 549 3564 uadit
565 3495 608 3564 ad
624 3516 777 3582 magnam
794 3498 892 3586 dam,
910 3515 973 3582 qne
989 3495 1079 3564 dnoit
1094 3496 1127 3562 in
1138 3495 1287 3583 Ohyiiztn
1303 3503 1337 3561 et
1352 3495 1457 3564 dicitnr

355 3610 412 3676 ria
428 3607 571 3694 publiea,
588 3625 629 3672 ox
647 3607 808 3674 oommnni
824 3605 996 3675 uoluntate
1012 3604 1232 3674 uendiderunt
1253 3623 1314 3690 pro
1330 3611 1457 3688 quamor

357 3715 477 3786 marnis
503 3717 642 3784 latorum
669 3716 800 3784 domino
828 3717 954 3784 Jaoobo
981 3713 1170 3801 supradicto
1183 3765 1193 3800 ,
1219 3719 1252 3780 et
1267 3732 1327 3801 per
1345 3712 1457 3780 eumin

357 3824 443 3892 filios
460 3824 597 3893 filiorum
615 3845 745 3893 suornm
772 3826 842 3893 inre
865 3822 1065 3894 hereditario
1090 3824 1124 3889 in
1149 3827 1339 3910 perpetuum
1364 3824 1457 3909 possi-

358 3931 486 4019 denda,
504 3935 552 4002 ita
567 3939 695 4022 tamen,
715 3933 802 4018 quod
819 3935 860 4003 de
877 3932 1028 4022 prediota
1044 3941 1133 4000 terra
1149 3949 1261 3999 omnes
1277 3930 1457 4017 generaeio·

357 4063 415 4110 nee
430 4041 555 4130 Jaoobi,
573 4041 701 4112 seilicet
716 4043 888 4112 Johannes
904 4041 989 4110 filius
1001 4041 1147 4126 Vonoha,
1164 4037 1246 4109 siout
1263 4039 1347 4107 dixit
1357 4055 1457 4105 eoram

356 4151 462 4232 nobis,
480 4151 604 4218 nnllam
621 4154 686 4220 uim
703 4149 876 4235 iacientes,
902 4151 980 4236 qnia
996 4149 1038 4217 ad
1055 4149 1253 4238 emptionem
1269 4153 1355 4214 terre
1370 4147 1457 4214 Jaeo·

357 4258 433 4324 bum
452 4259 486 4325 in
502 4258 593 4328 nullo
618 4261 814 4327 adiuuantes
824 4313 833 4348 ,
860 4260 922 4328 sed
938 4258 1069 4328 omnino
1084 4253 1209 4326 Jaoobo
1233 4255 1400 4341 sepedicto
1415 4277 1457 4322 re·

357 4366 509 4432 manebit.
536 4368 681 4436 Dioimns
697 4369 823 4452 eniam,
849 4369 936 4453 quod
952 4369 1039 4436 idem
1054 4365 1199 4434 Jaoobus
1223 4363 1365 4434 mediam
1379 4363 1465 4432 mar?

358 4493 430 4541 nam
446 4475 478 4538 in
497 4475 585 4544 dieto
611 4477 747 4561 negooio
764 4475 944 4544 laborando
969 4476 1049 4543 dioit
1072 4471 1287 4561 expendisso;
1314 4471 1455 4556 obligans

356 4601 391 4660 se
409 4582 507 4653 etiam
524 4591 592 4651 tota
608 4585 688 4656 uilla
702 4585 888 4674 Dobrogon,
900 4585 988 4672 qnod
1004 4585 1189 4675 quiounqne
1205 4598 1363 4672 praeessu
1377 4585 1451 4652 tem·
