3130 5158
585 381 731 484 E..

90 579 214 645 nunciis
243 579 422 660 uniuersis,
447 601 487 646 ac
515 598 572 662 per
598 585 791 667 magistrum
807 581 1025 648 Leureuthom
1045 583 1206 650 Comitem

91 686 381 772 Wosprimiensem
409 686 562 754 dilectum
589 697 622 753 ot
638 689 769 756 fidelem
792 695 934 753 nostrum
961 689 1100 754 fecimus
1125 692 1205 760 assi-

91 798 197 877 gnari.
217 797 258 860 Vt
274 797 477 881 igiturlruius
489 809 599 864 nostro
617 799 807 865 donacionis
823 816 882 864 seu
900 798 1203 865 collaciouisseries

89 908 189 971 robur·
206 906 350 972 obtineat
374 912 530 987 perpetue
556 904 739 987 firmitatis,
766 923 825 970 neu
842 923 999 990 processu
1026 912 1205 988 temporum

91 1033 150 1097 per·
162 1014 581 1098 quempiamsuooossorum
596 1016 899 1082 rrostrorumvaleut
910 1015 1087 1096 retractari,
1104 1014 1154 1080 vel
1172 1013 1206 1080 iu

91 1123 218 1186 irritum
250 1121 457 1202 aliquatenus
483 1123 651 1205 reuocari,
678 1131 847 1208 presentes
872 1122 978 1188 eidem
1009 1123 1209 1188 Monosterio

90 1229 186 1295 Beati
213 1229 343 1294 Martini
370 1229 590 1298 concessimus
606 1231 735 1298 littores
760 1240 892 1298 nostras
918 1229 1082 1315 duppliois
1107 1229 1208 1315 sigilli

90 1340 193 1404 nostri
220 1339 394 1404 munimine
419 1339 601 1406 roboratas.
617 1351 620 1358 ’
636 1341 755 1408 Datum
783 1361 841 1426 per
867 1359 983 1405 monus
1010 1337 1209 1406 venerabilis

91 1447 151 1512 viri
168 1447 315 1531 magistri
337 1446 502 1512 Theodori
528 1449 683 1515 Albensis
710 1447 856 1515 Ecclesie
877 1446 1041 1532 Propositi
1057 1447 1132 1513 aule
1156 1467 1212 1513 no·

82 1567 157 1662 ¹gtre
176 1553 465 1638 Vico-Oancellarij
482 1554 595 1622 dilecti
611 1565 642 1620 et
655 1555 762 1624 fidelis
778 1557 891 1639 nostri,
907 1576 995 1624 anno
1012 1554 1142 1620 Domini
1162 1557 1210 1622 Μυ

90 1663 161 1732 00⁰
176 1664 390 1746 nonagesimo
401 1664 542 1731 secundo
562 1665 733 1732 undecimo
753 1663 915 1731 kalendas
926 1663 1096 1731 Februarii
1106 1665 1211 1746 Regni

90 1783 201 1841 autem
218 1774 322 1841 nostri
340 1793 424 1838 anuo
443 1773 594 1842 secundo.

261 1969 407 2036 rursusne
421 1987 438 2024 a
452 1988 490 2024 sz.
505 1965 631 2026 Hurtoni
644 1967 798 2041 fdapritsrig
819 1963 1040 2038 levelttrtban.)

623 2801 682 2871 39.

86 3006 153 3073 III.
172 3005 279 3069 Endre
294 3003 401 3089 tirulp
417 3027 437 3067 a
459 3001 643 3088 balconyboli
662 3003 861 3090 opdtodpnnlr
885 2999 1009 3089 Tlroyon
1025 3001 1175 3089 talyrtpet
1190 3025 1210 3066 a

323 3113 462 3176 Baloion
472 3113 611 3196 portjo'n
626 3109 865 3195 cdomrluyozza.
886 3113 982 3178 1292.

198 3311 350 3378 Andreas
360 3307 423 3377 Dei
434 3310 548 3394 gracia
559 3309 737 3394 Hungarie,
749 3309 1085 3395 Dalmeoie‚(lroaoie,
1096 3311 1208 3391 Reme,

88 3419 216 3501 Seruio,
235 3419 375 3486 Gallicis
385 3469 394 3502 ,
413 3416 614 3502 Lodomerie,
636 3419 803 3503 Onmanie,
819 3418 1037 3504 Bulgarieque
1053 3419 1123 3484 Rex
1140 3420 1210 3485 vrri·

91 3532 200 3597 uersis
217 3527 339 3596 Christi
354 3527 505 3595 fidelibus
532 3529 739 3611 presentibus
756 3531 879 3611 pariter
895 3533 927 3592 et
945 3527 1061 3593 foturis
1076 3545 1207 3611 presen-

91 3639 177 3704 cium
193 3635 346 3702 noticiam
364 3635 527 3701 habituris
544 3637 684 3702 salntem
701 3635 734 3700 in
751 3653 800 3715 eo,
819 3637 873 3716 qui
887 3633 1031 3715 Regibus
1048 3632 1106 3700 dat
1122 3635 1209 3701 salu·

91 3751 168 3809 tem.
186 3745 443 3826 Lioetflcreatura
467 3763 531 3809 uon
556 3745 676 3810 habeat
702 3743 781 3827 quid
798 3742 937 3809 creatori
962 3761 1002 3808 ae
1025 3746 1208 3828 reparatori

91 3853 230 3934 eiusque
263 3851 507 3936 gloriosissimis
542 3849 686 3932 sanctis,
724 3871 858 3934 quorum
884 3851 1050 3935 suffragiis
1082 3858 1212 3920 creator

92 3961 254 4028 creatoris
279 3960 418 4044 largitur
435 3959 597 4045 vniuersa,
615 3960 803 4044 impendere
819 3963 946 4046 varran
972 3979 1012 4026 ex
1037 3959 1211 4047 condigno,

92 4067 193 4134 debet
209 4075 319 4132 tamen
339 4075 409 4133 tota
425 4065 603 4135 deuocione
630 4067 729 4134 animi
755 4073 889 4151 totaque
914 4059 1057 4153 puritate
1074 4067 1212 4134 affectus

92 4175 256 4250 laborare,
272 4181 306 4240 vt
322 4185 507 4242 eternorum
534 4175 653 4242 intuitu
680 4175 713 4239 in
729 4175 826 4240 terris
842 4174 990 4259 seminet,
1007 4175 1093 4258 quod
1108 4176 1142 4242 in
1158 4173 1213 4240 die

92 4283 268 4350 messionis
292 4291 437 4349 extreme
453 4281 649 4365 recolligens
670 4303 743 4349 oum
759 4282 977 4368 multiplicato
993 4283 1099 4348 fructu
1116 4281 1149 4346 in
1163 4301 1212 4349 oe·

92 4390 172 4458 lusti
188 4411 282 4459 orreo
308 4390 479 4475 possidere
495 4391 607 4458 valeat
624 4399 656 4457 et
672 4391 804 4458 habere.
830 4391 970 4458 Proinde
986 4391 1031 4457 ad
1049 4389 1211 4458 uniuerso·

93 4523 164 4568 rum
182 4501 335 4566 noticiam
353 4501 465 4566 hurum
483 4501 567 4566 serie
585 4499 733 4566 volomus
760 4501 938 4584 peruenire,
959 4499 1045 4582 qcol
1063 4517 1133 4563 oum
1152 4497 1212 4562 llo·

93 4607 229 4675 clesiam
240 4608 544 4674 seullouasterium
561 4608 657 4674 Beati
672 4607 823 4674 Maurieii
840 4609 881 4674 de
899 4609 989 4685 Beel,
1007 4605 1100 4671 cuius
1118 4607 1212 4670 iuter·

94 4716 300 4786 cessionibus
316 4717 410 4784 nobis
431 4723 548 4785 cuneta
564 4735 718 4801 prospere
738 4714 914 4801 suffragari
930 4714 1108 4796 sentimus,
1134 4711 1211 4778 reli·
