3072 5168
550 345 716 450 Q—

61 539 158 610 dioto
177 539 306 609 Comite
321 541 465 625 Georgio
482 543 706 628 principaliter
723 540 901 630 obligando
918 543 951 609 in
968 541 1061 611 libris
1079 551 1113 612 et
1129 563 1189 631 pro

59 649 162 716 libris
188 649 334 734 quinque
370 651 514 717 millibus
541 653 750 720 denariorum
778 651 974 720 Venetorum
999 672 1192 739 parvorum

60 758 221 824 dominus
239 759 404 827 Lubeoius
420 757 538 844 Judex,
556 761 647 828 Civis
665 761 914 846 Scardonensis,
934 762 1105 846 syndicus,
1122 781 1194 847 pro

61 873 205 935 curator
229 872 262 931 et
287 874 379 934 actor
405 868 610 936 dominorum
636 868 758 938 Pribim
790 873 930 955 Rusoni,
957 875 990 934 et
1014 869 1194 937 Bererislai

61 975 226 1042 Judioum
245 975 380 1042 Consilii
397 983 430 1042 et
446 977 633 1045 Communis
651 977 803 1046 Civitatis
829 979 1068 1046 Scardonensis
1084 977 1128 1046 ad
1145 978 1192 1043 in·

63 1081 251 1168 trascripta
268 1083 459 1168 specialiter
468 1085 672 1170 constitutus,
689 1093 725 1151 nt
741 1089 924 1154 continetur
934 1085 967 1150 in
978 1087 1193 1152 instrumento

61 1194 148 1260 dicti
175 1192 371 1279 syndioatus
397 1193 484 1262 facto
500 1212 588 1262 anno
606 1193 781 1261 Dominice
797 1194 990 1263 Natiuitatis
1016 1194 1190 1261 millesimo

64 1300 299 1370 ducentesimo
316 1301 532 1386 nonagesimo
548 1311 675 1392 quarto,
695 1304 885 1372 Indiceioue
901 1307 983 1384 VII,
1001 1303 1054 1371 die
1065 1302 1189 1372 XXIX.

64 1410 189 1477 Macrii
199 1435 207 1496 ;
226 1411 352 1494 etquis
369 1411 505 1478 Notario
523 1414 689 1496 carebant,
715 1417 786 1478 erut
804 1411 925 1479 dictum
943 1413 1189 1479 instrumentum

63 1520 263 1606 syndieatus
280 1540 353 1588 oum
371 1520 513 1602 quodam
539 1521 651 1606 sigillo
668 1520 746 1589 dieti
766 1521 956 1590 Communis
982 1519 1190 1591 Scardoneu·

63 1631 114 1694 sis
131 1647 228 1696 cereo
244 1629 402 1714 pendenti
417 1629 627 1715 roboratum,
644 1630 730 1713 quod
746 1629 879 1714 quidem
895 1630 1041 1715 sigillum
1058 1636 1128 1696 erat
1142 1647 1190 1696 ro·

63 1735 219 1818 tondum,
237 1737 408 1820 integrum,
426 1755 490 1802 non
502 1737 642 1806 fractum
659 1738 711 1804 rel
727 1737 762 1804 in
779 1739 829 1804 sni
849 1746 942 1822 parte
959 1740 1071 1822 aliqua
1089 1738 1188 1805 viais-

63 1851 157 1929 tum,
174 1847 207 1911 in
236 1864 299 1928 quo
317 1845 447 1929 quidem
463 1846 573 1930 sigillo
590 1855 662 1914 erat
687 1847 811 1932 scripta
837 1847 946 1932 imago
968 1850 1069 1912 Beate
1086 1847 1189 1912 Maris

64 1955 218 2040 Virginis
235 1953 401 2039 sedentis,
432 1961 464 2020 et
480 1955 524 2020 ad
540 1956 709 2023 sinistrum
724 1957 811 2022 latus
837 1955 911 2040 ejus
928 1955 1069 2022 tenentis
1084 1953 1188 2022 filium

61 2083 157 2130 suum
176 2063 210 2128 in
227 2061 353 2149 gremio
363 2063 552 2149 etbruchio,
563 2065 713 2130 etlittere
725 2063 935 2132 circumcirca
946 2064 991 2130 sd
1002 2062 1122 2132 dictum
1140 2063 1184 2131 si·

63 2172 185 2255 gillam
201 2173 331 2257 soulpte
347 2170 396 2239 sio
410 2171 557 2241 dieentes
574 2197 582 2237 ε
604 2173 655 2256 ,S.
674 2172 859 2240 Communis
876 2167 1150 2250 Scardonensis“,
1167 2194 1189 2240 a

64 2302 120 2348 me
136 2283 283 2350 Antonio
300 2281 418 2348 Judice
444 2291 477 2348 et
495 2282 631 2349 Notario
648 2281 859 2366 infrascripto
885 2283 959 2349 viso
977 2290 1009 2348 et
1025 2279 1111 2350 lecto
1128 2301 1190 2348 no-

62 2393 156 2459 mine
174 2398 208 2456 et
223 2393 296 2460 viee
312 2389 475 2458 dictorum
491 2391 662 2476 Judioum,
687 2389 826 2460 Consilii
844 2395 877 2457 et
893 2387 1079 2458 Communis
1096 2389 1188 2458 Soar·

62 2503 245 2586 dunensis,
263 2509 295 2569 et
312 2520 371 2586 pro
388 2501 471 2586 ipsis
496 2501 647 2566 omnibus
672 2497 881 2585 fidejubendo
909 2511 941 2567 et
961 2519 998 2567 se
1015 2519 1073 2585 pro
1101 2497 1189 2566 dicto

63 2611 195 2680 Comite
213 2610 365 2693 Georgio,
383 2617 418 2674 ut
435 2629 535 2695 snpra
552 2609 672 2677 dictum
690 2619 751 2694 est,
763 2609 989 2694 principaliter
1010 2605 1189 2693 obligando

62 2721 99 2786 in
115 2720 210 2786 libris
225 2727 258 2786 et
273 2739 332 2804 pro
348 2719 441 2784 libris
459 2717 549 2784 mille
567 2717 755 2803 quingentis
767 2716 976 2783 denariorum
993 2717 1189 2784 Venetorum

64 2848 272 2915 parvorum:
290 2826 459 2913 Solempni
485 2823 703 2910 stipulacione
720 2827 948 2913 promiserunt,
976 2824 1113 2907 quilibet
1138 2844 1190 2892 eo·

62 2958 137 3006 rum
154 2955 194 3004 se
218 2935 417 3020 obligando,
444 2941 478 3000 ut
494 2935 616 3003 dictum
633 2941 702 3019 est,
731 2935 926 3003 selectores
952 2939 986 3001 et
1011 2939 1191 3018 curaturos,

63 3048 156 3118 omni
174 3047 372 3131 oxoepoione
399 3051 431 3109 et
448 3046 622 3112 occasione
638 3045 791 3130 remotis,
818 3045 906 3128 quod
922 3045 1026 3113 dictus
1041 3041 1190 3109 dominus

62 3157 234 3241 Georgius
251 3156 368 3223 Comes
378 3153 603 3223 Berberiensis
620 3162 689 3221 tam
705 3173 763 3220 suo
781 3154 921 3235 nomine,
939 3161 971 3221 et
987 3171 1117 3221 suorum
1133 3148 1189 3216 ho·

64 3267 211 3346 minum,
241 3285 339 3348 quam
356 3260 522 3330 hominum
546 3269 579 3330 et
596 3261 782 3331 Communis
798 3262 928 3330 Almisii
948 3263 1042 3330 firma
1057 3267 1089 3328 et
1116 3266 1190 3329 rats

63 3374 206 3444 babebit
222 3385 253 3442 et
271 3374 406 3456 tenebit,
425 3374 615 3444 observabit
631 3373 867 3458 etadimplebit
882 3373 993 3440 omnia
1010 3377 1043 3436 et
1058 3371 1189 3457 singula

64 3493 168 3572 pacta
185 3489 219 3549 et
235 3483 494 3568 convenciones,
511 3483 619 3564 faeta,
648 3481 729 3548 inita
747 3487 780 3547 et
795 3479 923 3549 firmata
944 3478 986 3548 de
1002 3489 1141 3566 trengns
1156 3487 1189 3548 et

63 3613 165 3680 super
182 3601 322 3678 treugua
338 3591 469 3658 Almisii
487 3611 546 3676 per
570 3592 676 3678 ipsum
696 3589 856 3660 Comitem
875 3589 1061 3674 Georgium,
1079 3595 1116 3655 ut
1132 3608 1189 3657 su·

63 3723 124 3788 pra
143 3703 270 3769 dietum
287 3707 356 3788 est,
383 3719 455 3765 cnm
477 3700 621 3783 Egregie
648 3700 719 3766 viro
746 3697 889 3786 Rogerio
915 3699 1111 3767 Msureoeno
1128 3697 1189 3767 Ja-

64 3813 180 3879 drensi
192 3811 317 3877 Comitc
333 3810 508 3895 recipienti
525 3816 557 3874 et
573 3807 745 3893 stipulanti
764 3808 836 3873 vice
855 3814 887 3873 et
903 3805 1033 3874 nomine
1049 3806 1188 3875 Illustris

64 3921 193 3991 domini
209 3918 310 3985 Ducis
330 3917 568 4002 Veneriorum,
596 3916 781 3985 Communis
800 3923 833 3984 et
853 3917 1019 3982 hominurn
1035 3914 1189 3984 Civitatis

65 4028 239 4115 ejusdem,
255 4047 316 4096 nec
333 4047 398 4093 non
417 4035 451 4094 et
465 4027 706 4113 habitatorum,
723 4025 871 4094 fidelium
881 4077 890 4111 ‚
916 4025 1137 4111 subjectorum
1155 4033 1190 4092 et

65 4137 320 4206 districtualiom
345 4155 474 4202 suornm
501 4139 645 4221 scriptas
661 4143 693 4201 et
719 4135 842 4220 scripta
859 4155 918 4220 per
933 4153 987 4200 me
1009 4133 1189 4203 Antonium

66 4247 236 4331 quondam
248 4245 454 4328 Rolanduzii,
471 4245 640 4330 Imperiali
652 4251 684 4310 et
700 4244 899 4330 protectoria
916 4243 1116 4311 auctoritate
1133 4242 1188 4310 Ju-

66 4356 173 4424 dicem
192 4363 224 4420 et
249 4355 442 4434 Notarium,
468 4375 556 4422 anno
573 4361 606 4421 et
629 4351 810 4423 indiccione
827 4352 992 4438 predictis,
1010 4354 1062 4420 die
1078 4352 1189 4420 Domi·

66 4465 139 4536 nico
157 4461 315 4532 XXVIII.
341 4463 467 4546 Marcii,
485 4473 518 4530 et
544 4463 668 4530 eisdem
694 4461 842 4548 syndieis
870 4469 902 4528 et
924 4462 1190 4548 procuratoribus

67 4576 193 4644 seriore
217 4573 430 4661 singulariter
455 4580 488 4640 et
502 4571 755 4656 intelligibiliter
778 4592 885 4639 eoram
909 4571 1127 4657 infrascriptis
1142 4578 1188 4638 te·

68 4683 171 4752 stibus
186 4705 247 4770 per
263 4701 317 4750 me
327 4681 401 4768 jam
431 4679 553 4747 dietum
568 4679 737 4747 Notarium
763 4681 852 4746 lecta
867 4687 899 4746 et
925 4681 1041 4747 lectas.
1065 4679 1107 4747 Idt
1122 4699 1187 4746 non

982 4782 1028 4852 8·
