3094 5168
571 394 727 492 293.

74 593 187 676 quiete
195 589 444 680 possidendam,
461 587 637 656 tenendam
653 587 893 656 ethabendam.
911 588 1104 657 Eeonnerso
1121 609 1196 656 vero

72 701 150 788 ipse
166 699 327 788 Magister
342 699 551 785 Dominious,
568 699 696 783 prefato
713 699 883 784 Stephano
894 699 961 767 filio
978 699 1054 768 Juie
1065 719 1198 786 posses·

72 811 188 894 siones
203 808 548 894 Hahotbmnnnstura,
566 809 661 875 simul
679 827 750 874 cnm
774 808 1037 894 possessionibus
1061 810 1190 892 Endos,

72 915 229 999 Arknsd‚
247 923 281 983 et
296 917 393 1005 Syles
410 921 547 986 vocatas
556 969 565 1004 ‚
584 936 652 985 eum
669 916 816 984 omnibus
835 917 1030 986 utilitatibus
1048 924 1081 984 et
1095 916 1191 1003 perti-

73 1025 205 1113 neneijs
221 1025 289 1091 suis
312 1025 479 1092 uniuersis
506 1023 719 1094 incomitata
742 1007 786 1094 de
805 1023 935 1094 Zoboclr
960 1024 1196 1110 existentibus;
1231 1011 1233 1018 ’

73 1133 156 1199 item
181 1133 428 1216 possessionem
447 1132 559 1217 Obege
583 1115 736 1200 uocatam
760 1137 794 1198 in
810 1133 926 1202 eodem
952 1131 1114 1200 Comitatu
1131 1133 1190 1199 Zo-

74 1235 164 1306 bocb
180 1258 254 1308 cum
268 1239 391 1324 tributo
404 1291 412 1326 ,
439 1243 522 1323 quod
539 1241 572 1308 in
598 1239 713 1308 eadem
738 1241 948 1326 possessione
974 1239 1084 1326 cloga
1109 1240 1197 1324 exigi

76 1345 261 1427 consueuit,
279 1346 376 1413 simul
393 1368 467 1416 cnm
484 1347 675 1431 attinencijs
693 1353 725 1412 et
741 1346 956 1430 utilitatibus3
971 1349 1047 1414 item
1063 1361 1194 1432 posses·

76 1453 212 1519 sionem
223 1453 611 1522 Bnehtefulde-vocatam
629 1453 663 1521 in
675 1453 840 1522 comitatu
856 1452 898 1520 de
912 1453 1047 1524 'Pharna
1058 1453 1199 1522 existen·

78 1571 166 1644 tem,
193 1561 291 1629 simul
308 1582 380 1628 cum
398 1562 548 1629 omnibus
574 1561 769 1629 utilitatibus
786 1567 820 1628 et
835 1561 1048 1646 pertinenoijs
1065 1559 1109 1629 ad
1125 1580 1202 1630 eas·

79 1668 155 1735 dem
172 1665 442 1756 (spectantibus),
466 1667 611 1737 dedisset
629 1676 661 1734 et
676 1667 866 1736 tradidisset
881 1674 1040 1754 perpetuo
1050 1672 1125 1757 jure
1143 1670 1197 1736 do·

77 1775 174 1862 minij
192 1775 281 1843 dicto
296 1775 466 1862 Stephano
493 1775 561 1842 iilio
578 1775 653 1842 Jule
668 1780 701 1841 et
717 1777 785 1842 suis
809 1774 1003 1858 heredibus,
1029 1775 1198 1842 heredum·

80 1904 145 1967 qne
162 1905 292 1953 suornm
309 1883 555 1952 suecessoribus
572 1882 814 1967 possidendas,
840 1882 1010 1950 habendas
1027 1884 1150 1966 pariter
1166 1888 1200 1949 et

78 1993 262 2076 tenendas;
290 1991 476 2075 obligantes
503 2009 540 2057 se
556 1997 624 2056 tam
649 1988 799 2075 prefatus
815 1989 972 2075 Magister
995 1990 1199 2076 Dominieus,

80 2119 180 2184 qnam
197 2099 385 2185 Stephanus
409 2098 606 2184 uilissima,
634 2096 720 2180 quod
738 2115 817 2164 unus
844 2100 982 2164 alterum
1006 2097 1078 2164 uice
1091 2105 1200 2165 mutua

80 2212 123 2275 ab
139 2207 232 2276 omni
247 2207 457 2294 inpeticione
475 2213 509 2272 et
534 2206 670 2276 accione
688 2193 802 2272 contra
827 2203 1012 2291 quempiam
1037 2205 1090 2274 uel
1106 2225 1198 2290 quou-

79 2317 164 2383 libet
178 2315 335 2399 expedire
363 2321 514 2404 teneatur
538 2313 680 2400 propriis
703 2311 874 2382 laboribus
900 2321 933 2379 et
948 2316 1123 2401 expensis;
1150 2333 1203 2381 ca·

78 2429 199 2489 rentes
217 2429 330 2506 partes
347 2419 390 2488 de
407 2421 541 2488 traditis
569 2427 602 2486 et
619 2417 814 2506 permutatis
839 2420 882 2484 ad
909 2421 1049 2488 invicem
1075 2440 1205 2505 posses·

80 2530 231 2597 sionibus
247 2531 406 2614 predictis
422 2531 464 2596 de
482 2527 650 2598 eviacione
666 2529 859 2613 particulari
877 2535 909 2593 et
924 2529 1072 2613 generali
1089 2528 1132 2593 ad
1149 2530 1203 2594 in-

79 2639 187 2703 vicem
204 2655 240 2701 se
256 2639 353 2705 tueri.
371 2637 535 2705 Asserens
553 2636 740 2720 Stephanus
753 2635 825 2720 jam
842 2634 1009 2721 prelatus,
1026 2637 1206 2718 quodlicet

83 2744 301 2810 donacionem
337 2744 601 2811 condicionalem
627 2743 793 2828 Episcopo
819 2749 851 2809 et
874 2744 1025 2812 Ecclesia
1051 2743 1204 2826 Agrieusi

83 2851 198 2917 fecerit
214 2851 285 2918 sine
302 2869 465 2918 consensu
482 2857 514 2916 et
530 2849 744 2920 conninencia
762 2849 990 2936 generationis
1009 2868 1068 2916 sue
1084 2855 1117 2914 et
1133 2870 1204 2934 pro-

82 2956 298 3044 pinguorum,
325 2964 421 3044 prout
438 2966 470 3026 et
495 2957 665 3043 predictus
692 2960 848 3024 Martinus
874 2964 907 3023 et
934 2956 1120 3022 Demetrius
1146 2957 1205 3022 filii

81 3065 212 3132 Nicolai
239 3065 304 3149 ipsi
328 3065 508 3134 donationi
525 3066 692 3152 Episcopo
719 3071 752 3132 et
767 3065 914 3132 Ecclesia
938 3063 1091 3149 Agriensi
1116 3064 1205 3130 facte

83 3173 272 3240 nullatenus
297 3193 492 3241 consensum
521 3179 555 3240 et
579 3192 751 3242 assensum
782 3193 817 3241 se
842 3173 994 3240 dixerunt
1025 3170 1205 3256 prebuisse.

82 3277 160 3344 Ideo
187 3287 322 3365 propter
346 3281 555 3349 condiciones
583 3290 615 3348 et
638 3279 872 3365 promissiones
898 3288 955 3366 pe'r
981 3279 1203 3344 venerabilem

82 3391 213 3468 patrem
230 3383 425 3474 Episcopum
454 3397 486 3454 et
504 3388 689 3454 Ecclesiam
715 3407 808 3452 suam
833 3387 1028 3468 Agriensem
1054 3405 1120 3450 non
1138 3405 1205 3452 ser·

82 3501 200 3574 natas,
236 3495 485 3578 ingratitudinis
511 3498 599 3564 vicio
625 3496 828 3577 subsequuto
854 3495 959 3578 ipsam
990 3493 1207 3561 donacionem

83 3607 147 3666 tam
166 3601 359 3684 sepedictus
376 3605 566 3690 Stephanus
585 3604 670 3670 iilius
685 3602 760 3670 lule
770 3651 778 3684 ,
806 3621 902 3685 quam
918 3602 1076 3669 Martinus
1094 3607 1125 3666 et
1143 3599 1207 3667 De·

83 3707 219 3775 metrias
235 3706 294 3792 iilij
313 3707 447 3776 Nicolai
474 3711 633 3778 antedicti
659 3711 790 3796 penitus
815 3715 1029 3792 reuocarunt,
1057 3710 1207 3777 nolentes

82 3815 231 3900 presenti
248 3799 432 3883 contractui
458 3819 631 3886 contraire.
659 3820 780 3884 Datum
796 3817 888 3884 Bude
914 3822 1030 3898 quarto
1050 3816 1103 3881 die
1116 3815 1207 3898 quin·

82 3922 242 3990 denarum
269 3923 514 3995 Purifioaeionis
540 3928 643 3995 Beate
659 3926 803 4010 Virginis
820 3944 906 3994 anno
924 3923 1056 3990 Domini
1074 3924 1124 3989 Μο
1138 3922 1207 3990 00⁰

82 4050 297 4116 nonagesimo
319 4053 417 4100 nono.

84 4239 246 4311 (Keninczy
259 4237 360 4298 Gdbor
381 4241 570 4315 lr’bnlemdnye
584 4263 656 4316 agr.
669 4243 735 4314 Vay
759 4240 859 4298 asaldd
873 4239 1074 4298 leudltdrrtbdl.
1097 4219 1133 4310 l'Jj
1149 4239 1209 4294 Ma-
1308 4263 1310 4269 =

108 4348 111 4354 ’
373 4351 446 4404 gyar
459 4333 591 4392 Muneum
605 4334 683 4390 1856.
697 4333 719 4387 Ι.
732 4334 792 4390 ket.
805 4330 867 4386 438.
880 4328 911 4400 l.)

524 4619 778 4632 -n-——-··—-—-—·—·
