3094 5168
300 1105 365 1171 111.
382 1102 609 1188 Eodrelcirrily
625 1099 768 1188 (ierpely,
781 1099 855 1186 Apa
863 1102 927 1188 fio,
939 1106 1126 1189 pooaoadra
1141 1126 1179 1167 oz
1192 1105 1280 1170 ircial
1297 1108 1431 1174 totezlce

301 1215 379 1302 dile,
405 1212 484 1299 leapy
503 1210 707 1277 elizalcoean
732 1210 848 1274 Ldezlo
860 1209 955 1276 Lake
973 1210 1026 1295 fia
1050 1209 1131 1276 oleat
1150 1211 1298 1301 elfhploll
1314 1217 1431 1281 Demea-

333 1329 491 1386 moooetra
505 1317 587 1383 nevil
601 1326 781 1382 monestere
796 1317 872 1381 nelei
886 1317 1171 1383 oieeaoadaltaeeek
1184 1321 1282 1387 1300.
1298 1322 1402 1388 Ῐιόήιῑ.

410 1511 563 1585 Andreas
579 1513 644 1582 Dei
659 1513 766 1600 gralia
781 1515 853 1580 Rex
869 1513 1038 1601 Hungarie
1054 1520 1115 1584 eto.
1132 1521 1193 1584 eto.
1211 1515 1363 1586 fidelibus
1373 1541 1427 1588 no·

304 1626 382 1694 stris
400 1624 553 1712 Capitulo
569 1621 918 1692 Varadiensisalutem
936 1627 1132 1708 etgratiam.
1149 1625 1330 1710 Gregorius
1345 1629 1430 1696 filius

303 1739 379 1822 Apa
393 1733 489 1803 nobis
506 1729 612 1818 dixit,
627 1729 714 1814 qnod
730 1729 907 1797 Ladislans
923 1730 1010 1801 filius
1027 1733 1118 1799 Luea
1135 1734 1303 1817 quoddam
1320 1757 1431 1806 mona·

304 1843 440 1912 sterium
457 1859 550 1908 suum
567 1841 702 1924 Dyenns
719 1845 911 1906 monostura
926 1847 1080 1908 roratum
1097 1841 1325 1925 potentialiter
1342 1847 1430 1913 elin-

305 1951 420 2020 debite
436 1954 629 2036 oeenpatnm
654 1947 819 2016 detineret
835 1950 866 2014 in
893 1948 997 2034 ipsius
1014 1948 1223 2035 prejuditinm
1250 1971 1316 2018 non
1333 1953 1431 2020 modi-

305 2079 380 2128 eum
397 2065 431 2127 et
447 2076 648 2144 gravamen3
675 2075 778 2138 qnare
802 2053 957 2123 fidelitati
972 2062 1081 2124 vestre
1107 2057 1324 2142 precipiendo
1345 2082 1430 2128 man·

306 2169 434 2252 damus,
451 2171 615 2250 qnatenus
630 2163 770 2232 mittatis
796 2165 963 2232 hominem
979 2169 1126 2230 restrum
1142 2163 1294 2232 idoneum
1313 2189 1373 2253 pro
1388 2175 1430 2234 te·

306 2275 471 2356 stimonio,
489 2291 598 2340 eoram
615 2289 679 2354 qno
696 2273 898 2342 venerabilis
915 2279 1012 2358 pater
1028 2271 1176 2358 capituli
1192 2273 1429 2362 ejusdemne,

305 2387 404 2452 lromo
419 2387 531 2448 noster
541 2381 642 2467 juxta
656 2386 803 2448 tenorem
821 2381 987 2467 privilegii
1003 2381 1072 2462 sui,
1099 2400 1199 2465 anper
1216 2382 1306 2448 dieto
1322 2403 1430 2451 mona-

307 2491 409 2560 sterio
427 2487 578 2574 eonfeoti,
597 2490 728 2558 domum
744 2489 1026 2558 monasterialium
1043 2493 1172 2556 statuat
1187 2489 1306 2573 eidem,
1324 2491 1354 2556 si
1369 2511 1429 2558 non

305 2599 405 2667 luerit
421 2597 678 2680 eontradietnm‚
695 2597 953 2666 eontradietores
968 2616 1044 2666 vero
1060 2598 1089 2665 si
1106 2597 1162 2679 qui
1180 2595 1302 2665 fuerint
1320 2597 1364 2664 ad
1379 2619 1429 2667 no·

307 2714 412 2776 stram
429 2707 506 2774 eitet
522 2705 734 2790 presentiam,
753 2705 796 2772 ad
811 2709 984 2775 terminum
1001 2707 1224 2791 assignatum,
1243 2729 1284 2776 ao
1301 2708 1428 2776 nomina

308 2813 583 2883 contradictorum
609 2814 705 2882 nobis
721 2814 921 2881 rescribatis.
938 2819 1061 2883 Datum
1077 2815 1111 2882 in
1128 2813 1216 2881 valle
1233 2813 1309 2880 Rad
1325 2813 1429 2884 Domi·

307 2925 383 2993 nioo
400 2923 456 2991 die
471 2929 551 2990 ante
567 2919 685 2990 lestnm
704 2921 799 2988 Beati
815 2923 954 2991 loannis
971 2921 1133 3008 Apostoli.

363 3117 502 3192 (Tentsoh
516 3115 548 3174 es
560 3117 720 3176 Firnbaber
740 3117 929 3278 Urlrundenb).
944 3135 995 3174 aur
1014 3113 1120 3172 Geseh.
1135 3112 1376 3172 elementior.

810 3205 872 3263 224.
893 3206 911 3260 l.
