3072 5168
578 321 732 426 ..12⁵-

69 517 186 600 Petri,
205 521 238 583 et
248 517 415 583 Lotarium
427 516 527 584 filium
544 517 670 585 Thome
680 537 722 585 ex
738 521 852 604 ultera,
863 540 961 608 super
970 527 1059 590 terra
1074 522 1211 612 Bekasy

72 629 208 692 uocata
218 623 261 690 lis
278 631 311 692 et
326 625 497 693 contencio
514 625 629 694 fuisset
645 625 808 716 excitats3
825 629 958 697 tandem
974 650 1033 716 per
1042 630 1212 700 arbitrium

73 733 224 802 comitis
240 733 409 819 Farkasij,
422 736 558 804 Comitis
574 734 746 804 Michaelis
765 736 1034 827 uduornicorum,
1046 737 1147 809 Ohem
1165 775 1207 788 -

80 877 122 890 —
144 880 192 892 -
209 842 290 914 dicti
305 845 338 910 iu
354 845 454 912 talem
473 847 567 933 pacis
593 855 625 912 et
642 847 770 914 unionis
787 849 993 918 concordiam
1011 851 1211 920 dixeruntse

73 952 307 1036 personaliter
322 954 490 1022 constituti
505 953 700 1022 deuenisse:
718 955 806 1040 qnod
830 955 1011 1026 secuudum
1038 959 1211 1024 arbitrium

74 1059 247 1128 dictorum
263 1059 418 1129 bonorum
430 1062 574 1129 virorum
590 1061 680 1130 dicta
695 1069 784 1130 terra
800 1065 946 1152 Bekasy,
958 1085 1053 1150 quam
1069 1065 1211 1150 quedem

76 1168 181 1252 palus
208 1167 407 1236 Gemchetor
433 1175 549 1236 uocata
571 1169 712 1251 undique
732 1169 855 1251 circuit,
880 1171 912 1237 in
933 1173 984 1238 ius
1001 1179 1035 1239 et
1050 1175 1211 1259 perpetui·

75 1282 188 1341 tatem
215 1295 287 1342 cum
317 1275 466 1342 omnibns
491 1277 687 1344 utilitatibus
713 1277 781 1344 suis
807 1285 841 1345 et
861 1281 1084 1366 pertinencijs,
1113 1279 1210 1350 dictis
1283 1323 1284 1326 =

76 1383 222 1461 Thome,
239 1382 370 1453 Lotario
388 1389 421 1450 et
434 1382 579 1466 lohanni
595 1385 759 1452 extitisset
776 1385 942 1472 deuolute,
965 1371 1058 1456 cuius
1075 1389 1209 1474 paludis

78 1493 218 1578 equalis
243 1511 323 1579 pars
339 1499 507 1582 spectaret
527 1499 559 1558 et
575 1493 753 1578 pertineret
768 1492 812 1561 ad
838 1496 1044 1583 supradictos
1068 1500 1210 1585 populos

77 1601 232 1686 Regales
258 1601 299 1667 de
324 1607 463 1686 quatuor
486 1601 572 1667 villis
599 1602 708 1670 buche
735 1605 885 1688 superius
914 1606 1111 1690 nominatis,
1140 1607 1209 1676 elia

78 1729 165 1778 nero
182 1711 308 1795 equalis
324 1729 403 1795 pars
429 1716 597 1796 spectaret
613 1717 646 1778 et
662 1711 842 1797 pertineret
857 1713 991 1801 Tbome,
1008 1715 1154 1784 Johanni
1179 1723 1212 1782 et

78 1821 220 1887 Loterio
236 1819 440 1904 prenotatis3
457 1819 533 1885 item
550 1817 591 1882 de
607 1817 753 1884 secunda
763 1813 882 1902 palude
898 1819 1019 1889 Kellov
1031 1821 1209 1909 nominata,

80 1949 126 1995 ex
144 1947 214 2014 qua
230 1929 318 2014 prior
343 1929 439 2014 palus
467 1926 613 1994 Gemche
628 1935 707 2014 exyt
723 1932 757 1994 et
773 1928 950 2014 egreditur,
976 1930 1129 2016 Thomas,
1153 1933 1209 2002 Jo-

79 2036 217 2104 hannes
242 2042 275 2103 et
300 2033 451 2102 Loturius
476 2033 599 2099 nullam
624 2041 750 2120 partem
767 2034 919 2122 habeant,
936 2039 996 2105 sed
1020 2040 1151 2106 omnino
1167 2037 1210 2107 ud

81 2144 229 2232 populos
254 2145 416 2212 dictarum
442 2148 580 2228 quatuor
605 2143 752 2210 villarum
769 2145 935 2230 pertineat
951 2152 1049 2230 atque
1072 2153 1209 2234 spectet,

83 2273 148 2320 nec
174 2253 261 2320 idem
288 2253 452 2331 Thomas,
479 2251 649 2319 lohannes
666 2259 699 2320 ct
725 2250 877 2321 Lutarius
893 2252 939 2334 de,
951 2255 1072 2340 palude
1090 2242 1210 2328 Kallov

82 2367 207 2431 uocata
223 2369 348 2449 partem
366 2361 546 2446 aliqualem
562 2361 625 2426 sihi
653 2367 685 2430 et
711 2362 779 2430 suis
797 2365 938 2448 posteris
966 2365 1095 2450 possint
1121 2385 1209 2435 veur-

83 2490 188 2556 pare3
206 2471 355 2538 similiter
371 2479 404 2538 et
419 2471 531 2556 populi
543 2469 685 2551 Regulos
705 2471 750 2537 ed
767 2473 954 2556 porcionem
970 2473 1115 2558 ipsorum
1132 2494 1210 2544 suas

84 2598 205 2647 manas
221 2597 284 2643 uon
302 2575 480 2644 extendere
503 2582 642 2661 possunt
658 2577 710 2642 vel
728 2578 893 2662 ualebunt,
911 2579 972 2647 sed
987 2581 1208 2666 unusquisque

84 2708 180 2756 suam
198 2693 326 2772 purtem
338 2736 347 2772 ,
372 2686 525 2752 iniuriam
540 2686 630 2771 parti
646 2687 742 2753 alteri
766 2689 882 2762 nonin
908 2688 1049 2773 ferendo,
1074 2689 1210 2775 pacifice

85 2795 272 2886 possidebit
288 2801 321 2860 et
336 2793 463 2881 quiete;
489 2815 548 2862 nco
574 2795 659 2859 inter
674 2794 764 2880 ipsos
782 2795 855 2862 rixa
870 2795 922 2864 vel
948 2798 1120 2864 contencio
1137 2819 1208 2882 pro·

86 2923 184 2977 ccsau
199 2913 378 2988 temporum
394 2903 527 2972 racione
555 2901 676 2987 prioris
693 2903 808 2968 iniurie
835 2903 1018 2970 monebitur
1043 2906 1208 2990 aliqualis.

87 3017 195 3100 Super
213 3012 306 3080 onius
321 3013 474 3080 firmitate
497 3014 544 3078 rei
561 3017 660 3097 etque
686 3014 785 3080 robur
801 3017 913 3096 partes
930 3011 1016 3079 inter
1031 3032 1066 3078 se
1082 3013 1208 3082 litteras

87 3124 234 3209 Capituli
244 3120 454 3189 Poaoniensis
468 3119 592 3189 sacient
604 3122 760 3188 emanari.
777 3122 896 3188 Datum
906 3123 940 3189 in
951 3117 1125 3191 Dominica
1135 3141 1207 3208 pro·

85 3231 176 3298 xima
193 3237 269 3318 post
285 3236 419 3297 octavas
436 3229 534 3296 Beati
558 3229 678 3299 Juoobi
693 3229 864 3316 Apostoli,
889 3250 975 3297 anno
992 3231 1124 3298 Domini
1138 3231 1207 3298 mil·

86 3339 203 3407 lesimo
219 3337 444 3407 ducentesimo
469 3337 682 3421 nonagesimo
700 3338 823 3421 quinto.

86 3535 216 3608 (fflrtya
240 3551 258 3589 a
279 3537 365 3590 vitriis
387 3535 453 3589 nlild
481 3534 635 3604 selyemrb'l
659 3531 778 3608 lefriggb'
800 3531 899 3606 pecset
920 3532 986 3606 meg
1016 3533 1139 3608 cgesnen
1162 3533 1208 3608 ep.

86 3623 378 3697 Peneonyktptalani
398 3625 536 3698 orsuhgos
556 3623 688 3682 levelthr.
708 3624 806 3700 Capsa
825 3624 903 3682 XIV.
925 3625 1009 3682 Fasc.
1028 3629 1054 3681 2.
1076 3626 1143 3682 Nro.
1162 3627 1207 3682 att.

595 3717 708 3786 Kaous.)
725 3771 727 3776 ,

523 4009 769 4022 ..η-..ιυ-ι--α-

143 4787 241 4830 ΜΟΙΙΰΙ
254 4785 334 4828 nuno.
349 4783 415 4827 HIS'l'.
426 4801 453 4812 -
462 4784 528 4826 Νη
539 4782 571 4826 1⁰.
