3094 5168
558 285 721 438 ..urg

594 1009 663 1074 tta.

76 1221 135 1287 ΙΙΙ.
154 1221 264 1287 Eudre
286 1245 306 1286 a
316 1221 418 1308 fcrtdu'
435 1219 593 1307 felodmot
611 1221 757 1310 Soprouy
782 1225 873 1288 vairos
884 1219 1040 1307 falcicula
1064 1219 1197 1306 kiipazs'·

396 1333 507 1394 rmore
522 1329 764 1415 adomcupoaza.
782 1329 878 1396 1297.

183 1544 334 1612 Andreas
347 1543 408 1610 Dei
418 1545 531 1626 gracia
541 1543 720 1626 Hungarie,
733 1544 916 1626 Dalrnacie‚
928 1540 1075 1629 (treacle,
1086 1543 1197 1624 Reme,

77 1653 202 1732 Seruis,
221 1652 370 1734 Gallicis,
387 1651 593 1734 Lodomerie,
623 1652 788 1735 Comanis,
808 1652 1028 1736 Bulgarieque
1044 1653 1115 1717 Rex
1132 1670 1198 1717 om-

76 1762 173 1828 nibus
191 1761 314 1830 Christi
330 1761 480 1829 fidelibus
496 1768 563 1828 tam
583 1762 793 1849 presentibus
806 1781 902 1845 quarn
913 1760 1028 1827 futuris
1045 1759 1199 1826 noticiam

75 1872 284 1954 presencium
311 1869 468 1935 habituris
495 1871 635 1936 salutem
660 1871 693 1936 in
719 1870 862 1936 Domino
890 1869 1131 1952 sempiternam.
1147 1866 1198 1932 Ad

76 1977 301 2044 uniuersorum
327 1983 441 2043 tenore
457 1978 664 2060 presencium
681 1977 836 2045 noticiam
853 1975 1001 2044 uolumus
1017 1976 1197 2060 peruenire,

75 2083 163 2168 quod
180 2103 251 2152 curn
268 2104 329 2150 nos
339 2087 373 2151 in
384 2083 551 2150 ciuitatem
559 2091 703 2152 nostram
715 2085 968 2170 Supruniensem
985 2085 1198 2168 uenissemus,

76 2201 109 2259 et
124 2199 362 2282 paupertatem,
373 2195 517 2280 inopiam
533 2214 592 2261 serr
609 2195 852 2280 depressionem
870 2194 987 2261 ciuium
1004 2214 1043 2260 ae
1054 2193 1197 2260 omnium

74 2301 242 2386 hospitum
251 2309 435 2370 nostrorum
446 2303 480 2370 in
491 2301 606 2368 eadem
618 2303 749 2368 ciuitate
761 2308 874 2370 nostra
886 2302 1099 2386 Supruniensi
1110 2319 1194 2366 com·

75 2407 286 2494 morancium,
302 2425 426 2472 necnon
439 2426 599 2473 murorum
617 2407 764 2475 eiusdem
776 2408 919 2475 ciuitatis
935 2406 1197 2475 confrsccionem

76 2537 116 2586 ex
130 2518 234 2584 ninria
244 2516 450 2600 antiquitate,
467 2526 500 2583 et
517 2519 626 2601 operis
645 2524 840 2584 vetustatem
858 2516 1064 2598 vidissemus,
1075 2517 1197 2600 inopie-

75 2645 137 2707 que
164 2645 225 2693 seu
251 2627 441 2709 paupertati
467 2627 613 2712 ipsorum
632 2626 749 2692 ciuium
776 2635 956 2692 nostrorum
973 2627 1014 2692 de
1038 2623 1198 2710 Supronio

76 2734 262 2802 huiusmodi
279 2733 515 2820 compaciendo
540 2743 573 2801 et
597 2754 760 2801 murorum
776 2734 1046 2811 confraccioneur,
1067 2741 1100 2800 st
1115 2751 1198 2818 ope-

74 2845 120 2909 ris
136 2847 337 2910 vetustatem
353 2844 500 2908 eiusdem
517 2843 661 2910 ciuitatis
672 2851 783 2910 nostre
794 2845 956 2910 intuentes
968 2843 1197 2926 doluissemus

76 2954 309 3038 cupientesque
325 2972 364 3018 ex
390 2951 491 3019 animi
516 2952 620 3019 nostri
645 2950 808 3019 desiderio
834 2951 923 3018 circa
949 2950 1199 3038 reparacionem

75 3081 114 3125 ac
139 3081 307 3130 murorum
333 3059 586 3128 renouecionem
607 3060 756 3145 predicte
776 3061 918 3128 ciuitatis
945 3065 1056 3127 nostre
1079 3057 1198 3142 inuigi-

73 3171 156 3256 lare,
173 3189 300 3236 necnou
316 3170 436 3255 inopie,
453 3167 642 3254 paupertati
658 3187 718 3235 seu
736 3170 942 3252 oppressioni
960 3167 1137 3236 eorundem
1153 3165 1199 3234 ci·

74 3279 162 3342 nium
178 3297 237 3344 seu
253 3277 418 3362 hospitum
442 3276 598 3362 remedijs
615 3277 805 3362 opportunis
827 3275 1014 3344 'donacione
1039 3295 1080 3341 ex
1096 3275 1197 3340 muni·

72 3386 212 3454 licencia
227 3385 335 3472 Regia
350 3386 537 3470 prospicere
554 3393 586 3450 et
602 3385 727 3469 pariter
742 3385 926 3470 prouidere,
943 3391 978 3452 vt
994 3405 1034 3452 es
1051 3385 1196 3470 ipsorum

73 3493 190 3556 ciuium
208 3498 315 3578 statu,
332 3491 503 3559 commodo
520 3497 553 3556 et
576 3490 751 3574 apulcncia
774 3493 879 3559 bonor
895 3491 1016 3574 Regius
1035 3509 1192 3574 augmen·

72 3607 159 3666 tetur
176 3607 209 3665 et
224 3599 330 3684 Regio
346 3599 510 3666 Maiestati
527 3598 682 3666 honorem
708 3599 897 3684 impendere
913 3599 1039 3686 possint
1058 3599 1194 3682 amplio-

71 3729 161 3794 rem;
178 3707 388 3774 medietatem
405 3707 517 3774 tributi
535 3707 576 3774 de
595 3705 723 3795 Fertor,
746 3727 844 3792 quarn
861 3709 1011 3776 domiuus
1028 3711 1099 3774 Rex
1115 3707 1197 3774 Belo

71 3819 255 3885 auunculus
278 3823 388 3882 noster
413 3817 511 3882 beate
537 3816 692 3884 memorie
715 3837 775 3901 pro
791 3817 1048 3886 conseruucione
1063 3817 1199 3883 turrium

72 3925 174 3993 castri
199 3923 432 4010 Suprunionsis
448 3922 588 4008 predicti
603 3924 759 4011 donauit,
776 3923 993 3994 donacionem
1014 3925 1199 3993 huiusmodi

71 4031 286 4100 attendentes
304 4051 378 4100 esse
392 4029 499 4099 minus
516 4032 646 4116 utilem,
674 4033 877 4117 presencium
904 4035 1100 4103 auctoritate
1126 4053 1199 4122 pre·

74 4141 212 4210 missam
228 4141 444 4208 donacionem
461 4139 623 4206 irritando
648 4159 850 4227 reuocamus,
875 4150 909 4210 et
925 4144 1063 4211 eandem
1079 4141 1198 4208 medie-

72 4257 176 4322 tatem
191 4249 306 4318 tributi
323 4268 396 4316 cum
406 4247 555 4315 omnibus
572 4249 766 4318 utilitatibus
782 4259 815 4318 et
839 4251 1052 4339 pertinenciis
1068 4251 1137 4318 suis
1154 4251 1197 4318 oi·

71 4359 167 4428 nibus
184 4379 243 4427 seu
258 4356 445 4444 hospitibus
470 4357 636 4428 uniuersis
652 4360 695 4427 de
711 4360 874 4450 Suprunio
891 4364 935 4433 ad
950 4381 1045 4432 usum
1062 4369 1095 4430 ct
1109 4359 1194 4428 utili-

71 4476 174 4535 tatem
190 4487 414 4553 communem,
439 4473 471 4534 et
494 4487 553 4553 pro
578 4472 797 4540 renouacione
825 4471 970 4540 ciuitatis
997 4480 1108 4540 nostre
1122 4488 1196 4556 pre·

70 4577 159 4648 dicte
174 4601 214 4648 ae
230 4599 395 4646 murorum
405 4577 730 4666 castrireparacione
742 4579 903 4668 dedimus,
914 4581 1119 4669 donauimus,
1129 4587 1195 4648 trs·

70 4688 215 4758 didimus
240 4693 274 4758 et
290 4687 483 4758 contulimus
497 4689 568 4758 iure
583 4696 740 4778 perpetuo
766 4698 800 4760 et
824 4691 1084 4761 irrevocabiliter
1110 4695 1198 4778 puci-
