3072 5168
336 1159 530 1246 Epyezkedee
545 1160 670 1247 Gyiirpy
686 1161 800 1225 trebiri
814 1158 898 1245 prof,
915 1158 1052 1226 Aoniam
1067 1164 1158 1224 udros
1173 1159 1312 1243 seveben,
1333 1161 1367 1222 es
1387 1160 1467 1224 Μο-

337 1269 433 1332 rosiui
452 1269 555 1354 Rupes·
571 1269 690 1353 jadrui
704 1270 781 1353 pros
801 1269 881 1354 tezo,
898 1265 1034 1352 melphim
1049 1268 1233 1354 epymenii
1249 1271 1291 1332 etz
1307 1269 1384 1332 eure
1413 1268 1465 1330 be-

335 1376 465 1461 keustpet
475 1375 653 1460 femorale,
679 1375 811 1462 Spaiuto
828 1378 921 1439 odros
952 1377 983 1439 e‘s
1008 1375 1076 1440 sobe
1094 1375 1208 1460 jadrai
1216 1373 1335 1460 polpdr
1349 1375 1466 1440 hezec-

725 1487 794 1569 sepe
809 1481 930 1548 melicii.
957 1483 1053 1548 1294.

441 1700 478 1765 In
491 1697 611 1766 Christi
627 1699 756 1766 nomine
781 1699 895 1766 Amen.
917 1700 1010 1767 Anno
1026 1696 1269 1765 Inosrneeionis
1289 1697 1363 1782 ejus
1380 1697 1461 1763 mil-

335 1809 448 1877 lesimo
473 1807 692 1876 dueentesimo
719 1809 931 1890 nonogesimo
947 1813 1063 1890 quarto
1082 1805 1269 1873 Indioeione
1290 1805 1373 1887 vlu,
1395 1805 1456 1870 die

335 1915 505 1985 Dominioe
520 1917 674 1984 XXVIII.
691 1916 806 1984 Muroii
820 1915 970 1984 dominus
986 1915 1148 2001 Georgius
1164 1915 1281 1982 Gomes
1296 1913 1460 1981 Berberi·
1521 1899 1522 1934 ³

336 2025 424 2090 ensis
449 2020 695 2111 (Brebirieusis)
721 2023 934 2108 solempniter
949 2023 1050 2104 inivit,
1077 2023 1154 2088 feeit
1170 2029 1202 2088 et
1226 2020 1371 2089 firmavit
1387 2041 1456 2108 pro

338 2152 374 2199 se
389 2137 461 2218 ipso
478 2140 510 2200 et
525 2141 624 2217 gente
643 2153 720 2216 suu,
747 2152 787 2198 ao
801 2133 942 2202 subditis
958 2134 1038 2215 suis,
1055 2139 1088 2200 et
1103 2131 1232 2198 nomine
1257 2131 1455 2202 eommunis
1521 2135 1522 2224 s

336 2246 368 2306 et
383 2241 548 2307 hominum
564 2239 693 2307 Aimisii
708 2259 840 2326 merem,
859 2260 974 2326 purum
990 2247 1022 2307 et
1039 2240 1165 2306 firmem
1180 2243 1328 2323 treugam
1345 2259 1456 2326 usqne

337 2349 380 2415 sd
405 2344 516 2414 deeem
541 2367 643 2415 annos
669 2347 839 2416 eontinuos
864 2356 897 2414 et
922 2348 1103 2433 completos
1131 2365 1202 2412 eum
1223 2346 1358 2430 egregio
1374 2352 1453 2419 viro

335 2456 466 2523 domino
481 2453 619 2541 Rogerio
641 2457 835 2522 Meoroeeno
851 2453 1002 2522 Jadrensi
1018 2453 1142 2521 (inmite
1158 2451 1326 2538 recipienti
1341 2465 1377 2522 et
1393 2461 1454 2526 sti·

335 2563 461 2649 pelenti
485 2562 614 2628 nomine
642 2571 675 2630 et
699 2562 770 2629 vioe
786 2565 926 2632 Illustris
952 2562 1073 2629 domini
1098 2561 1198 2628 Doois
1224 2559 1452 2652 Venetorum,

335 2670 520 2738 Communis
536 2678 568 2736 et
583 2670 748 2738 hominum
769 2671 918 2738 Civitatis
935 2673 1099 2753 eiusdem,
1126 2689 1187 2736 neo
1203 2691 1266 2738 non
1284 2671 1450 2740 habitote·

336 2798 414 2861 rum,
430 2777 583 2863 fidelium,
600 2781 819 2864 subjectorum
837 2787 870 2848 et
891 2779 1137 2850 distriotuulium
1155 2799 1294 2848 suorum.
1312 2783 1449 2848 Promit-

339 2892 410 2952 teus
427 2885 589 2972 prediotus
606 2886 755 2954 dominus
775 2888 891 2954 Comes
908 2889 1067 2970 Georgius
1078 2886 1223 2972 predioto
1240 2887 1373 2957 domine
1390 2891 1450 2956 Ro·
1521 2885 1522 2966 J

336 2993 424 3077 gerio
441 2994 635 3062 Meurooeno
644 2995 798 3062 iodrensi
807 2996 943 3080 comite,
959 2995 1137 3081 recipiente
1154 3003 1186 3062 et
1201 2993 1382 3079 stipulante
1393 3017 1446 3065 uo·

336 3103 421 3168 mine
437 3095 580 3188 predioti‘
591 3101 714 3200 domini
730 3103 843 3189 Ducis,
854 3104 1040 3172 eommunis
1056 3110 1089 3172 et
1104 3103 1268 3170 hominum
1289 3105 1444 3173 Veneeiu-

336 3229 415 3292 rum,
431 3215 466 3275 ut
481 3209 661 3294 predictum
688 3218 747 3295 est,
773 3210 858 3295 quod
875 3211 1022 3298 ipseper
1039 3230 1075 3278 se
1092 3218 1125 3278 et
1142 3229 1229 3298 suos,
1246 3229 1287 3277 so
1308 3231 1369 3297 per
1384 3216 1444 3284 ho-

338 3317 439 3384 miues
456 3317 581 3386 timuit
599 3339 662 3386 nou
679 3317 821 3386 offendet
837 3339 898 3387 nee
912 3317 1034 3386 offendi
1051 3320 1150 3387 faciet
1165 3319 1218 3385 vel
1234 3321 1401 3404 permittet
1414 3324 1444 3388 iu

337 3425 483 3511 personis
498 3428 550 3493 vel
565 3430 663 3498 rebus
681 3425 854 3496 Commune
870 3437 903 3496 et
918 3426 1065 3496 homines
1084 3429 1310 3515 veneciarum,
1327 3430 1445 3497 hebitu-

339 3541 437 3618 tores,
453 3533 575 3616 fideles,
588 3535 808 3605 districtuules
819 3555 882 3604 eeu
901 3535 1049 3606 subditos
1066 3535 1146 3604 dieti
1161 3535 1282 3603 domini
1298 3535 1400 3608 Dnois
1415 3547 1444 3606 et

339 3642 522 3710 eommunis
539 3644 754 3712 Veueoiorum
775 3650 842 3710 tum
857 3646 891 3712 iu
907 3645 989 3712 muri
998 3695 1008 3730 ‚
1034 3639 1129 3731 quem
1148 3644 1181 3712 iu
1200 3651 1299 3728 terre,
1315 3665 1376 3714 neo
1390 3647 1441 3714 oli-

339 3769 436 3834 quem
452 3756 570 3818 terrem
588 3772 645 3819 seu
665 3750 770 3818 looum
788 3753 984 3819 existentem
1010 3751 1069 3820 sub
1086 3753 1229 3822 dominio
1246 3753 1369 3822 domini
1384 3755 1441 3820 Du·

340 3857 386 3924 eis
402 3855 560 3944 predioti3
576 3860 636 3927 sed
647 3879 703 3930 eos
719 3880 830 3928 omues
841 3867 874 3928 et
890 3862 1036 3946 singulos
1053 3879 1163 3927 eorum
1178 3861 1314 3929 hebebit
1329 3863 1440 3946 salvos,

338 3973 370 4034 et
395 3984 524 4033 seouros
549 3968 678 4050 ubique.
703 3969 785 4035 Item
810 3970 921 4037 eodem
942 3969 1037 4037 modo
1056 3970 1212 4057 promisit,
1231 3973 1317 4054 qood
1333 3973 1362 4041 si
1377 3973 1440 4058 ipse

338 4077 403 4140 tum
420 4093 479 4159 per
496 4092 551 4160 se,
577 4082 608 4143 et
624 4095 717 4162 suos,
733 4095 808 4159 qum
832 4095 889 4162 per
914 4077 1063 4146 homines
1088 4077 1216 4146 Almisii
1241 4085 1465 4167 eeoeptueset.

338 4181 461 4266 aliquid
472 4189 585 4251 ooutre
594 4185 750 4253 honorem
766 4184 845 4253 dieti
856 4183 978 4252 domini
989 4195 1023 4255 et
1032 4187 1220 4256 eommunis
1233 4184 1436 4256 Voneoierum

340 4289 381 4356 de
396 4295 483 4359 terre
497 4293 597 4359 Ferre
614 4300 645 4360 et
659 4292 772 4376 Braze,
789 4293 842 4359 vel
858 4292 900 4361 (le
915 4294 1027 4379 ulique
1043 4303 1131 4363 terre
1147 4297 1201 4363 vel
1219 4297 1437 4366 loeo'huberte
1472 4350 1474 4354 ,
1521 4371 1522 4386 2

340 4397 509 4465 Reotorem
523 4418 580 4483 pro
596 4396 681 4466 dieto
707 4397 836 4466 domino
852 4400 964 4486 Duee,
981 4403 1128 4473 interris
1144 4404 1210 4472 suis
1227 4407 1282 4474 vel
1297 4405 1359 4476 sibi
1373 4405 1436 4471 sub·
1521 4405 1522 4450 3

335 4504 443 4588 jeotis,
456 4504 634 4573 removebit
648 4522 684 4570 se
700 4505 742 4572 de
751 4506 938 4591 hujusmodi
954 4518 1216 4600 ueeeptumento,
1233 4519 1268 4580 et
1283 4514 1325 4582 de
1340 4517 1435 4582 oetero
1521 4545 1522 4604 p

341 4617 452 4680 oontre
467 4613 618 4681 honorem
632 4617 704 4700 ejus
716 4633 779 4681 nou
798 4618 983 4701 oooeptubit
999 4622 1141 4707 emplius
1152 4623 1193 4691 de
1209 4623 1306 4692 terris
1322 4631 1353 4692 et
1364 4620 1434 4690 louis
1521 4611 1522 4702 Ξ
