3072 5168
100 1089 207 1155 Neruo
234 1094 392 1158 acromate
416 1114 600 1180 upyonaacu
635 1093 850 1180 epyezkadecre
874 1095 1046 1160 uocutlcoao
1072 1096 1233 1182 kezaeedpe.

627 1201 724 1268 1294.

221 1417 257 1483 ln
275 1416 396 1484 Ghristi
413 1417 543 1482 nomine
560 1418 675 1484 Amen.
693 1418 790 1484 Auno
806 1417 1054 1486 incarnacionis
1066 1420 1139 1504 ejus
1157 1421 1229 1488 mil-

102 1523 226 1590 lesimo
243 1525 467 1592 ducentesimo
483 1526 700 1611 nonagesimo
717 1535 851 1609 quarto,
869 1527 1059 1594 Indiccioue
1077 1527 1159 1613 vlt,
1176 1528 1231 1598 die

102 1633 202 1698 Lune
218 1631 345 1698 XXIX.
363 1633 486 1699 Marcii.
514 1633 674 1702 Providus
691 1636 741 1701 vir
757 1634 883 1721 Bugius
910 1634 1045 1722 Georgii
1072 1639 1230 1726 syndicus

104 1747 140 1806 et
155 1747 349 1826 procurator
365 1740 484 1810 nobilis
501 1745 563 1810 viri
579 1741 704 1810 domini
717 1743 844 1811 Voluite
857 1742 1051 1827 Potestatis,
1069 1744 1227 1830 Miligosti

103 1848 295 1916 Salnonerii
311 1856 343 1915 et
368 1850 485 1919 Jacobi
502 1850 614 1936 Drege
630 1851 796 1934 Indicum,
814 1857 847 1919 et
864 1853 1007 1920 Drusine
1023 1853 1173 1937 Joannis,
1191 1874 1231 1922 ac

104 1959 250 2024 Tolislai
265 1959 413 2026 Budislai
431 1960 692 2029 camerariorum
705 1961 843 2028 Consilii
860 1969 894 2027 et
910 1959 1161 2028 communitatis
1178 1961 1229 2028 ci-

103 2065 222 2135 vitatis
240 2069 344 2148 None,
363 2067 402 2131 ad
419 2067 631 2152 infrascripta
648 2069 839 2155 specialiter
852 2071 1054 2137 constitutus
1061 2118 1073 2152 ,
1100 2075 1135 2135 ut
1154 2091 1230 2138 con·

102 2176 227 2243 tinetur
243 2175 278 2242 in
301 2175 516 2244 instrumento
544 2177 739 2264 syndicatus
769 2177 857 2243 iacto
879 2197 965 2244 anno
991 2178 1163 2245 Dominioe
1178 2179 1229 2246 Iu-

106 2284 316 2351 carnaoionis
333 2286 507 2353 millesimo
535 2284 762 2352 ducentesimo
778 2287 994 2372 nonagesimo
1011 2293 1147 2371 quarto,
1175 2288 1229 2353 ln-

107 2389 258 2460 diccione
277 2393 358 2477 vll,
375 2392 428 2461 die
443 2393 551 2459 XXX.
569 2400 710 2460 exeunte
726 2393 869 2478 Marcio,
896 2401 929 2461 et
945 2395 1067 2478 scripto
1084 2415 1144 2481 per
1160 2415 1228 2463 ma·

103 2519 183 2566 uum
199 2501 290 2568 Petri
306 2504 470 2569 Nouensis
488 2501 628 2586 Notarii,
645 2521 666 2567 a
682 2521 736 2569 me
754 2503 896 2570 Antonio
906 2501 1025 2571 Iudice
1040 2513 1073 2570 et
1089 2506 1226 2572 Notario

103 2607 318 2696 infrascripto
335 2611 405 2678 viso
431 2617 465 2679 et
479 2613 566 2682 lecto
578 2662 587 2695 ,
613 2610 745 2678 nomine
771 2617 804 2676 ct
820 2612 893 2678 vioe
919 2611 1082 2679 dictorum
1097 2613 1228 2681 Domini

102 2719 306 2802 Potestatis,
324 2719 461 2788 Gousilii
477 2727 510 2787 et
526 2720 779 2787 CommunitatIs
795 2720 908 2805 Nona,
936 2726 969 2786 et
984 2740 1045 2806 pro
1061 2721 1143 2806 ipsis
1160 2741 1226 2786 om-

102 2829 202 2896 nibus
219 2830 357 2897 solemni
383 2829 602 2916 stipulacione
626 2830 776 2912 promisit
792 2849 829 2898 se
856 2830 1016 2899 iacturum
1040 2837 1072 2896 et
1098 2836 1227 2898 curatu-

105 2957 178 3004 rum
191 2939 278 3004 omni
296 2940 495 3025 exeepcione
521 2944 554 3005 et
570 2939 745 3005 occasione
761 2937 911 3020 remotis,
936 2938 1024 3021 quod
1040 2936 1160 3004 nobilis
1177 2938 1227 3006 vir
1281 2977 1282 2981 =

103 3047 258 3115 domiuus
284 3046 444 3129 Georgius
471 3047 588 3115 Gomes
612 3048 842 3116 Borberieusis
867 3054 936 3114 tam
962 3065 1021 3115 suo
1037 3047 1167 3113 nomine
1193 3052 1227 3112 et

102 3155 425 3240 suorumhomiuum,
442 3175 540 3241 quam
553 3156 721 3222 bominum
739 3162 772 3222 et
784 3156 973 3225 Communis
983 3154 1122 3243 Almisii,
1133 3152 1226 3221 firma

103 3271 137 3330 et
153 3271 230 3331 rata
246 3264 384 3332 habebit
400 3273 433 3330 et
448 3266 584 3349 tenebit,
602 3263 795 3333 observabit
811 3271 844 3329 et
854 3263 1051 3348 adimplebit
1066 3263 1177 3330 omnia
1193 3271 1226 3332 et

102 3373 239 3458 singula
254 3377 354 3458 pacta
383 3373 467 3440 inita
483 3381 515 3440 et
530 3375 660 3441 firmate
688 3374 729 3440 de
750 3380 889 3460 treugua
915 3378 948 3438 et
965 3392 1062 3460 super
1088 3379 1226 3459 treugua

103 3479 236 3549 Almieii
252 3499 311 3566 per
328 3483 433 3567 ipsum
460 3479 618 3548 Comitem
634 3481 828 3568 Georgium,
853 3487 888 3546 ut
907 3479 1135 3567 supradictum
1162 3489 1225 3567 est,

104 3611 182 3660 cum
198 3589 331 3675 egregio
354 3589 424 3657 viro
441 3589 571 3658 domino
598 3592 740 3675 Rogerio
766 3593 962 3658 Macroceuo
987 3589 1146 3658 Jadreusi
1162 3593 1224 3660 Go-

101 3699 183 3767 mite
207 3699 389 3783 recipiente
414 3705 446 3764 et
476 3700 657 3785 stipulante
682 3700 756 3768 vice
786 3709 820 3766 et
843 3701 975 3766 nomine
999 3699 1141 3766 Illustris
1171 3698 1225 3769 do

102 3807 185 3876 mini
210 3805 314 3872 Ducis
343 3807 580 3893 veneciarum,
606 3809 793 3876 Gommuuis
821 3817 853 3876 et
878 3808 1043 3876 bominum
1071 3806 1223 3878 Giritetis

102 3913 273 4002 ejusdem,
298 3935 359 3982 neo
375 3935 442 3982 non
457 3925 489 3983 et
502 3918 744 4005 habitatorum,
762 3917 928 4001 fidelium,
952 3914 1173 4000 subjectorum
1190 3925 1224 3984 et

104 4021 356 4092 districtualium
373 4043 522 4108 suorum,
549 4026 694 4111 scriptas
711 4031 744 4094 et
758 4029 884 4112 scripta
899 4043 961 4112 per
975 4044 1027 4092 me
1047 4025 1222 4094 Antonium

102 4133 269 4218 quondam
279 4130 476 4200 Rolanduzii
491 4131 533 4201 de
548 4133 698 4219 Bononia
714 4134 881 4221 Imperiali
898 4142 931 4203 et
946 4131 1148 4202 Preleetoria
1164 4153 1221 4202 au·

101 4243 255 4310 ctoritate
279 4239 430 4310 Judicem
447 4249 482 4310 et
496 4244 676 4328 Notarium,
692 4262 781 4314 anuo
798 4251 830 4310 et
846 4242 1036 4313 Indiccione
1051 4243 1220 4331 predictis,

99 4351 153 4420 die
167 4348 343 4418 Dominico
359 4349 517 4420 XXVIII.
533 4353 668 4439 Marcii,
697 4360 731 4422 et
748 4351 854 4422 eidem
878 4352 985 4439 Begio
1011 4351 1148 4440 syndico
1164 4372 1219 4421 se·

97 4461 182 4530 riose
199 4465 233 4528 et
257 4459 473 4545 singulariter
488 4479 530 4530 ac
544 4462 762 4546 integraliter,
779 4479 840 4550 per
856 4479 908 4526 me
919 4460 992 4546 jam
1016 4460 1137 4529 dietum
1152 4459 1219 4532 An·

97 4568 220 4638 tunium
235 4567 409 4638 Notarium
431 4571 517 4638 lecte
532 4576 566 4637 et
581 4572 704 4655 lectas,
722 4575 756 4638 et
772 4590 836 4637 non
858 4567 1079 4638 contrafaciet
1093 4570 1148 4639 rel
1163 4588 1218 4638 ve·
