3094 5168
601 343 667 418 207

70 543 331 630 subportandos,
349 543 591 631 elibertandos,
620 543 895 634 immunitandos,
918 538 1195 632 eosabsolvendos

70 650 226 718 duximus
251 653 366 720 harum
391 661 575 725 nostrarum
600 653 787 723 testimonio
815 660 847 721 et
870 652 983 740 vigore
1010 653 1194 721 litterarum

69 760 259 849 mediante,
283 779 366 846 quas
391 782 452 832 nos
477 763 610 832 domino
625 762 805 852 Vaprode‚
831 765 971 850 ejusque
997 761 1194 831 officialibus

70 867 221 936 exhiberi
231 921 240 954 ‚
267 879 301 938 et
315 870 391 938 dein
406 871 657 959 impetrantibus
674 876 707 942 in
724 881 926 961 perpetuam,
950 871 1194 940 inviolabilem·

70 995 134 1060 que
149 975 340 1049 firmitatem
365 982 492 1050 restitui
520 982 670 1050 uolumus
686 991 719 1050 et
740 981 905 1068 jubemus.
937 979 1059 1048 Datum
1088 979 1121 1048 in
1139 982 1194 1048 de-

72 1103 191 1156 soeusu
217 1094 331 1158 nostro
356 1090 531 1176 campestri
555 1111 658 1177 prope
674 1089 824 1179 Tylram,
850 1089 936 1157 foria
962 1090 1016 1158 IV.
1044 1089 1195 1175 proxima

70 1199 146 1279 post
162 1195 284 1263 festum
301 1197 396 1266 Beati
413 1196 607 1284 Laurentii,
627 1217 711 1267 anno
729 1197 860 1266 Domini
883 1199 1057 1266 millesimo
1074 1198 1194 1265 durem

70 1305 190 1372 tosimo
208 1307 426 1390 nonagesimo
443 1328 540 1375 nono.

288 1501 430 1574 (Teutsoh
444 1500 476 1559 ds
490 1503 652 1564 Firnhaber
665 1505 702 1561 id.
716 1523 751 1562 m.
765 1503 787 1560 l.
801 1503 861 1560 luit.
875 1503 936 1560 909.
950 1503 981 1576 l.)

500 1803 767 1820 w-
788 1807 791 1814 ¹

599 2337 675 2405 tas.

73 2533 132 2598 lli.
149 2531 262 2598 Endre
277 2532 385 2621 kirtily
400 2535 577 2621 meyerlisiti
593 2557 631 2598 az
642 2533 762 2623 erddlyi
770 2535 898 2624 pttopdle
913 2539 944 2601 de
960 2534 1115 2622 lcdptaloo
1128 2540 1193 2600 ezri-

70 2644 158 2706 mdra
175 2663 196 2707 a
213 2640 366 2707 Borbarrd
380 2644 412 2707 de
427 2643 560 2709 Karako
585 2643 744 2732 lelystpek
769 2643 853 2710 tueri
877 2644 1068 2732 lotdrp'drdt.
1095 2645 1194 2710 1299.

178 2841 251 2907 Nos
266 2840 493 2924 Requisitores
510 2841 692 2910 litterarum
711 2851 744 2912 ot
759 2841 948 2912 litteralium
966 2841 1194 2909 instrumento·

72 2967 141 3014 rum
157 2947 194 3014 in
212 2949 368 3019 sacristia
392 2968 450 3018 seu
477 2951 722 3021 conservatorio
738 2949 884 3040 Capituli
903 2949 1052 3019 lloolosie
1078 2951 1195 3016 Alben-

73 3058 119 3125 sis
135 3057 357 3128 Transilrauo
382 3061 600 3147 repositarum
618 3067 651 3128 et
666 3061 867 3144 loeatomm,
895 3078 935 3127 ao
960 3058 1099 3128 aliarum
1116 3077 1193 3144 qua-

75 3167 228 3236 rumlibet
239 3169 491 3256 judiciariorum
510 3169 783 3240 deliberationum
800 3168 1088 3255 legitimorumque
1105 3189 1196 3234 man·

72 3277 223 3346 datorum
240 3278 476 3363 Principalium
487 3277 672 3346 Eneoutore
688 3278 750 3346 stb.
775 3275 816 3365 (Α
828 3278 1095 3364 gyulaiehtrvtri
1112 3277 1194 3362 ktp·

74 3385 168 3453 talan
194 3385 405 3468 requisitorai
423 3387 520 3455 1573.
536 3388 645 3472 mdjus
664 3389 730 3476 l-jo
746 3388 831 3456 alatt
855 3386 994 3456 Btthori
1019 3387 1127 3454 Istutn
1152 3387 1195 3452 le·

70 3492 279 3578 jedelemhez
294 3494 454 3581 jelentest
470 3498 618 3581 reszuet,
634 3493 737 3584 hogy)
751 3495 931 3584 „quasdam
949 3497 1079 3563 litteras
1095 3493 1194 3580 priui-

71 3603 214 3689 legiales
230 3603 440 3671 Serenissimi
457 3605 622 3689 quondam
649 3605 756 3674 ultimi
771 3606 902 3674 Andree
918 3605 981 3674 Dei
998 3605 1112 3690 grauia
1128 3603 1194 3670 Re·

69 3712 119 3798 gis
144 3711 315 3799 Hungarie
344 3721 405 3780 eto.
431 3713 669 3805 reinuenimos‚
694 3715 727 3780 in
753 3716 872 3799 quibus
896 3715 1192 3798 reambulationes,

69 3819 298 3892 distinctiones
314 3827 348 3888 et
370 3823 601 3894 renovationes
626 3830 786 3894 metarum
812 3824 1014 3892 diuersorum
1036 3822 1193 3892 bonorum

66 3935 100 3994 et
109 3929 361 4014 possessionum
368 3929 690 4018 Capitulilloolosiae
700 3933 854 4001 Albensis
861 3931 1104 4004 Transilvanae
1115 3953 1192 4001 oou·

66 4039 223 4119 tinentur‚
240 4059 326 4124 quae
339 4040 382 4108 ad
399 4041 589 4109 mandatum
601 4042 679 4110 dieti
697 4043 820 4110 domini
835 4044 934 4129 Regis
951 4042 1124 4112 Andraeae
1135 4061 1194 4128 per

67 4149 220 4217 homines
237 4167 317 4215 suos
342 4149 463 4232 Regios
481 4149 575 4216 adid
599 4150 834 4237 deputatos-
849 4189 893 4199 —
910 4187 952 4198 -
969 4147 1128 4216 Comitem
1147 4151 1192 4215 vi-

67 4257 191 4325 delicet
199 4257 374 4325 Nicolaum
384 4257 426 4324 de
436 4255 592 4341 (lumbos,
604 4267 637 4327 et
653 4257 811 4328 Comitem
822 4259 951 4325 Petrum
964 4257 1005 4325 de
1015 4257 1119 4324 Ferro
1131 4257 1191 4323 sub

66 4365 258 4434 testimonio
269 4399 365 4415 --
376 4367 562 4433 Martini-
573 4403 615 4415 -
628 4367 784 4436 Custodia
797 4373 830 4432 et
848 4365 1007 4436 Canonioi
1019 4401 1061 4414 -
1072 4400 1115 4412 -
1130 4363 1192 4430 llo-

73 4472 199 4544 olesiae
215 4471 433 4544 Varadieusis
449 4476 562 4545 stetim
577 4485 655 4564 post
666 4483 813 4544 exustam
829 4495 890 4564 per
907 4475 1057 4544 Saxones
1074 4471 1191 4544 Cathe-
1243 4513 1244 4516 =

71 4583 199 4651 dralem
227 4583 411 4652 Eoolesiam
437 4585 615 4654 Albensem
642 4585 829 4674 Capitulum
860 4583 1028 4671 ejusdem,
1056 4588 1094 4650 ,et
1118 4585 1193 4668 post

68 4693 196 4762 amissa
220 4691 398 4780 priuilegia
423 4693 570 4780 Capituli
604 4714 675 4762 oum
711 4693 822 4780 sigillo
848 4691 890 4760 ad
919 4691 1192 4761 restaurationem
