3072 5168
340 1192 371 1258 A
379 1194 531 1279 possenyi
545 1193 701 1277 ledptalnn
725 1189 994 1278 bizoeyaeplevde,
1018 1192 1097 1278 leopy
1121 1191 1215 1257 sellai
1239 1191 1329 1258 Beeli
1351 1191 1456 1258 Jalrah

339 1301 487 1388 rotondi,
512 1300 733 1388 ltdtraltnqyett
756 1302 934 1386 dsvepyevel
949 1299 1146 1386 Kemlinnal,
1165 1301 1273 1366 annale
1297 1301 1457 1367 trithei-eds

577 1411 767 1496 lensemdnya
781 1411 870 1474 irdet
885 1409 1099 1496 epyezkedtele.
1116 1410 1215 1476 1295.

735 1625 773 1692 A.
883 1627 918 1690 B.
1027 1623 1063 1690 C.

448 1803 518 1872 Nos
534 1804 721 1890 Capitulum
738 1805 889 1872 lleelesie
905 1805 1118 1872 Posoniensis
1145 1805 1375 1890 significamus
1393 1805 1455 1870 vni-

344 1913 457 1996 nersis,
469 1913 587 1996 quibus
602 1913 737 1998 expedit
753 1907 839 1998 (per)
850 1919 1032 1997 presentes,
1044 1913 1132 1996 quod
1149 1913 1332 1981 constitutis
1350 1934 1456 2000 perso·

343 2021 461 2088 naliter
477 2039 587 2087 eorem
603 2021 697 2088 nobie
714 2021 857 2088 Abraam
867 2019 934 2086 filio
950 2020 1086 2088 Ghnbnn
1105 2043 1162 2108 pro
1178 2043 1223 2106 se,
1235 2029 1268 2088 et
1283 2042 1343 2108 pro
1362 2023 1458 2088 fratre

346 2148 405 2197 sno
421 2129 530 2211 lsase,
548 2128 677 2214 Egidio,
694 2128 796 2195 iretre
812 2148 871 2196 sno
888 2129 1077 2212 Benedieto‚
1102 2129 1211 2198 Bekes
1227 2151 1286 2215 pro
1301 2150 1338 2196 ee
1355 2137 1389 2197 et
1404 2151 1456 2214 pro

345 2237 447 2304 tratre
464 2236 675 2318 molesmo,
692 2236 771 2321 filijs
787 2235 854 2302 Boe
871 2237 913 2305 de
928 2237 1018 2323 Beel,
1031 2238 1270 2324 jobagionibus
1281 2241 1383 2306 rastri
1402 2240 1455 2304 Po·

348 2345 511 2414 seniensis
528 2366 569 2412 ex
584 2365 651 2413 nne
666 2351 769 2433 perte,
787 2346 921 2412 domine
936 2345 1091 2414 (leterius
1107 2365 1208 2412 uxore
1223 2347 1403 2440 Perlrtoldi,
1413 2366 1457 2412 re·

348 2453 428 2520 liete
444 2453 564 2522 Jacobi
579 2451 639 2537 filij
651 2453 782 2519 Endere
794 2455 835 2520 de
851 2453 932 2520 nilla
947 2454 1026 2520 Beel
1043 2473 1085 2522 ex
1101 2455 1217 2539 altere,
1235 2455 1338 2540 ijdem
1353 2457 1456 2522 Abre-

350 2584 403 2629 em
419 2595 464 2610 -
480 2595 523 2609 -
546 2561 605 2648 alij
630 2561 713 2629 soeii
736 2563 786 2630 sni
811 2559 950 2646 predicti
977 2562 1182 2630 concorditer
1206 2573 1281 2632 snnt
1308 2565 1456 2640 confessi,

350 2668 434 2754 quod
458 2669 523 2758 ipsi
547 2669 588 2736 de
614 2670 701 2738 bona
725 2671 895 2738 uoluntate
920 2672 1065 2756 ipsorum
1091 2677 1194 2738 tetam
1221 2681 1351 2756 partem
1378 2681 1456 2740 terre

350 2779 448 2865 Beel,
474 2797 536 2864 que
551 2778 714 2862 prefatum
733 2778 890 2848 Jacobnm
916 2778 1018 2846 filium
1035 2779 1164 2846 Endere
1184 2787 1365 2866 eognstum
1381 2781 1457 2866 ipse

349 2908 420 2957 rum
436 2887 478 2956 de
492 2887 562 2954 inre
577 2887 795 2972 contingebat,
814 2888 1040 2974 permisissent
1057 2887 1162 2956 eidem
1184 2889 1316 2956 domine
1334 2891 1459 2955 rasione

351 2999 438 3068 dotis
462 3003 495 3065 et
518 2997 745 3065 dotaliciornm
770 3015 918 3080 snorum,
948 3016 989 3064 se
1014 2997 1157 3066 omnium
1181 3016 1289 3066 rernm
1320 3005 1459 3084 tempore

353 3104 543 3191 nnpeisrum
559 3123 667 3171 seeum
679 3105 863 3190 allatarum,
882 3125 986 3191 usqne
996 3105 1119 3172 exitum
1136 3105 1203 3174 uite
1220 3125 1279 3173 sue
1294 3105 1459 3190 possidere

353 3215 492 3302 peeiliee
507 3219 541 3280 et
556 3213 683 3298 qniete;
710 3215 820 3282 tamen
836 3215 925 3300 qnod
941 3215 970 3283 si
986 3215 1093 3282 medio
1118 3221 1264 3300 tempore
1281 3213 1459 3281 beniuolen-

354 3325 439 3392 eism
455 3321 559 3408 ipsine
575 3320 706 3390 domine
722 3322 756 3388 in
781 3329 906 3390 tentum
925 3329 1059 3409 captare
1084 3329 1235 3408 poterunt
1260 3329 1293 3388 et
1309 3322 1459 3402 sanorem,

355 3431 443 3520 qnod
459 3451 519 3518 eps
535 3431 646 3499 dotem
672 3437 706 3496 et
721 3431 877 3499 dotalicia
893 3451 954 3499 sne
979 3431 1162 3518 relaxabit,
1188 3429 1345 3500 consistit
1368 3434 1401 3498 in
1416 3448 1460 3494 sr-

357 3542 456 3611 bitrio
472 3540 815 3628 dominememorste5
835 3540 886 3606 sni
905 3544 1012 3607 eutem
1022 3590 1031 3624 ‚
1047 3538 1170 3608 dietam
1195 3545 1317 3606 terram
1334 3535 1462 3624 propris

356 3651 496 3738 pecunie
511 3646 670 3717 redimere
685 3649 901 3733 tenebuntur,
916 3652 950 3715 et
965 3647 994 3714 si
1010 3647 1169 3716 redimere
1187 3666 1253 3715 non
1268 3647 1459 3720 enrsnerint,

357 3759 519 3847 prefatam
536 3763 658 3822 terram
675 3754 855 3842 uendendi,
881 3755 1026 3824 donandi
1042 3776 1101 3824 seu
1127 3755 1258 3842 legendi
1281 3775 1341 3841 pro
1360 3755 1463 3822 enims

358 3889 420 3937 sue
435 3867 489 3936 nel
504 3873 676 3951 parentum
693 3883 823 3934 suorum
834 3865 972 3933 liberem
982 3861 1117 3932 hebebit
1133 3863 1322 3933 tenultatem
1335 3863 1463 3932 domins

357 3967 549 4064 prenotate.¹
567 3973 760 4060 Obligsntes
776 3993 812 4042 se
836 3979 948 4060 partes
970 3974 1004 4040 in
1029 3974 1131 4042 nestri
1155 3973 1327 4060 preseneis
1352 3981 1458 4042 mutuo

358 4083 423 4154 fide
439 4083 520 4150 dete
529 4131 537 4166 ,
554 4081 642 4168 qnod
657 4100 718 4152 nee
734 4081 867 4149 domine
884 4081 1039 4152 (leterius
1048 4130 1057 4164 ,
1084 4101 1145 4148 nee
1163 4082 1311 4150 Abresm
1326 4101 1400 4150 enm
1417 4100 1462 4146 eo·

358 4194 467 4282 gnatis
483 4191 551 4261 suis
567 4191 784 4276 supradietis,
802 4196 918 4260 eontra
935 4190 1075 4259 eandem
1092 4190 1259 4258 dominam
1275 4191 1378 4277 litem,
1394 4211 1462 4260 eon·

362 4301 543 4371 tensionem
558 4299 612 4366 uel
640 4297 773 4382 aliquod
789 4299 940 4366 iniurium
960 4299 1169 4384 ereditatem,
1193 4317 1303 4384 ymmo
1320 4301 1408 4366 omni
1425 4298 1465 4366 la·
1510 4335 1512 4338 ·

362 4430 441 4481 nore
456 4414 489 4477 et
504 4405 702 4490 dileccione,
728 4427 826 4492 qnam
841 4413 1015 4494 poterunt,
1041 4425 1079 4473 se
1094 4413 1205 4500 partes
1222 4411 1330 4472 mutuo
1346 4406 1463 4494 impen-

360 4521 437 4588 dere
451 4518 655 4586 tenebuntur.
684 4517 722 4584 In
738 4517 828 4587 euius
845 4517 893 4584 rei
908 4515 1098 4587 memoriam
1122 4523 1296 4604 presentes
1317 4517 1461 4586 dedimus
