<?xml version="1.0" encoding="UTF-8"?>
<!DOCTYPE html PUBLIC "-//W3C//DTD XHTML 1.0 Transitional//EN"
    "http://www.w3.org/TR/xhtml1/DTD/xhtml1-transitional.dtd">
<html xmlns="http://www.w3.org/1999/xhtml" xml:lang="en" lang="en">
 <head>
  <title>
</title>
<meta http-equiv="Content-Type" content="text/html;charset=utf-8" />
  <meta name='ocr-system' content='tesseract 3.04.00' />
  <meta name='ocr-capabilities' content='ocr_page ocr_carea ocr_par ocr_line ocrx_word'/>
</head>
<body>
  <div class='ocr_page' id='page_1' title='image "./codexdiplomatic16wenzgoog_0036.png"; bbox 0 0 3144 5180; ppageno 0'>
   <div class='ocr_carea' id='block_1_1' title="bbox 604 457 624 525">
    <p class='ocr_par' dir='ltr' id='par_1_1' title="bbox 604 457 624 525">
     <span class='ocr_line' id='line_1_1' title="bbox 604 457 624 525; baseline 0 0"><span class='ocrx_word' id='word_1_1' title='bbox 604 457 624 525; x_wconf 87' lang='grc'>3</span> 
     </span>
    </p>
   </div>
   <div class='ocr_carea' id='block_1_2' title="bbox 43 651 1183 4958">
    <p class='ocr_par' dir='ltr' id='par_1_2' title="bbox 43 651 1183 4654">
     <span class='ocr_line' id='line_1_2' title="bbox 54 651 1176 742; baseline -0.001 -22"><span class='ocrx_word' id='word_1_2' title='bbox 54 653 132 720; x_wconf 87' lang='lat' dir='ltr'><strong>riter</strong></span> <span class='ocrx_word' id='word_1_3' title='bbox 148 663 181 722; x_wconf 91' lang='lat' dir='ltr'><strong>et</strong></span> <span class='ocrx_word' id='word_1_4' title='bbox 196 653 349 724; x_wconf 91' lang='lat' dir='ltr'><strong>contriuit</strong></span> <span class='ocrx_word' id='word_1_5' title='bbox 363 655 556 723; x_wconf 78' lang='lat' dir='ltr'><strong>immensam</strong></span> <span class='ocrx_word' id='word_1_6' title='bbox 572 655 782 725; x_wconf 76' lang='lat' dir='ltr'><strong>barbaricam</strong></span> <span class='ocrx_word' id='word_1_7' title='bbox 798 651 984 736; x_wconf 84' lang='lat' dir='ltr'><strong>feritatem,</strong></span> <span class='ocrx_word' id='word_1_8' title='bbox 1010 653 1119 742; x_wconf 89' lang='lat' dir='ltr'><strong>captis</strong></span> <span class='ocrx_word' id='word_1_9' title='bbox 1136 672 1176 720; x_wconf 85' lang='lat' dir='ltr'><strong>ex</strong></span> 
     </span>
     <span class='ocr_line' id='line_1_3' title="bbox 55 760 1177 849; baseline -0.003 -21"><span class='ocrx_word' id='word_1_10' title='bbox 55 763 179 830; x_wconf 87' lang='lat' dir='ltr'><strong>eisdem</strong></span> <span class='ocrx_word' id='word_1_11' title='bbox 213 764 359 849; x_wconf 77' lang='lat' dir='ltr'><strong>plurimis</strong></span> <span class='ocrx_word' id='word_1_12' title='bbox 384 772 416 829; x_wconf 89' lang='lat' dir='ltr'><strong>et</strong></span> <span class='ocrx_word' id='word_1_13' title='bbox 439 765 576 839; x_wconf 88' lang='lat' dir='ltr'><strong>occisis,</strong></span> <span class='ocrx_word' id='word_1_14' title='bbox 608 763 746 847; x_wconf 87' lang='lat' dir='ltr'><strong>reliquie</strong></span> <span class='ocrx_word' id='word_1_15' title='bbox 779 763 929 832; x_wconf 90' lang='lat' dir='ltr'><strong>omnibus</strong></span> <span class='ocrx_word' id='word_1_16' title='bbox 952 767 1046 830; x_wconf 86' lang='lat' dir='ltr'><strong>extra</strong></span> <span class='ocrx_word' id='word_1_17' title='bbox 1071 760 1177 846; x_wconf 82' lang='lat' dir='ltr'><strong>Regni</strong></span> 
     </span>
     <span class='ocr_line' id='line_1_4' title="bbox 55 869 1176 957; baseline 0 -23"><span class='ocrx_word' id='word_1_18' title='bbox 55 869 198 939; x_wconf 87' lang='lat' dir='ltr'><strong>confinia</strong></span> <span class='ocrx_word' id='word_1_19' title='bbox 220 873 297 957; x_wconf 86' lang='lat' dir='ltr'><strong>ihga</strong></span> <span class='ocrx_word' id='word_1_20' title='bbox 322 870 465 956; x_wconf 87' lang='lat' dir='ltr'><strong>presidio</strong></span> <span class='ocrx_word' id='word_1_21' title='bbox 489 891 527 938; x_wconf 88' lang='lat' dir='ltr'><strong>se</strong></span> <span class='ocrx_word' id='word_1_22' title='bbox 559 871 844 955; x_wconf 85' lang='lat' dir='ltr'><strong>reinfferentibus,</strong></span> <span class='ocrx_word' id='word_1_23' title='bbox 878 871 961 938; x_wconf 88' lang='lat' dir='ltr'><strong>sicut</strong></span> <span class='ocrx_word' id='word_1_24' title='bbox 985 869 1176 956; x_wconf 86' lang='lat' dir='ltr'><strong>temporalis</strong></span> 
     </span>
     <span class='ocr_line' id='line_1_5' title="bbox 56 976 1178 1068; baseline -0.003 -24"><span class='ocrx_word' id='word_1_25' title='bbox 56 979 286 1065; x_wconf 81' lang='lat' dir='ltr'><strong>opportunitas</strong></span> <span class='ocrx_word' id='word_1_26' title='bbox 302 983 507 1066; x_wconf 88' lang='lat' dir='ltr'><strong>suppetebat.</strong></span> <span class='ocrx_word' id='word_1_27' title='bbox 525 981 663 1068; x_wconf 79' lang='lat' dir='ltr'><strong>Insuper</strong></span> <span class='ocrx_word' id='word_1_28' title='bbox 679 999 750 1046; x_wconf 86' lang='lat' dir='ltr'><strong>oum</strong></span> <span class='ocrx_word' id='word_1_29' title='bbox 766 977 891 1066; x_wconf 88' lang='lat' dir='ltr'><strong>perlida</strong></span> <span class='ocrx_word' id='word_1_30' title='bbox 906 997 988 1063; x_wconf 92' lang='lat' dir='ltr'><strong>gens</strong></span> <span class='ocrx_word' id='word_1_31' title='bbox 1003 976 1178 1044; x_wconf 84' lang='lat' dir='ltr'><strong>Tartarioa</strong></span> 
     </span>
     <span class='ocr_line' id='line_1_6' title="bbox 55 1085 1177 1180; baseline 0.002 -31"><span class='ocrx_word' id='word_1_32' title='bbox 55 1085 206 1173; x_wconf 84' lang='lat' dir='ltr'><strong>Regnum</strong></span> <span class='ocrx_word' id='word_1_33' title='bbox 240 1089 408 1176; x_wconf 88' lang='lat' dir='ltr'><strong>Hungarie</strong></span> <span class='ocrx_word' id='word_1_34' title='bbox 443 1109 520 1180; x_wconf 85' lang='lat' dir='ltr'><strong>cnm</strong></span> <span class='ocrx_word' id='word_1_35' title='bbox 550 1089 640 1156; x_wconf 92' lang='lat' dir='ltr'><strong>omni</strong></span> <span class='ocrx_word' id='word_1_36' title='bbox 673 1087 795 1154; x_wconf 85' lang='lat' dir='ltr'><strong>milicia</strong></span> <span class='ocrx_word' id='word_1_37' title='bbox 828 1090 968 1172; x_wconf 92' lang='lat' dir='ltr'><strong>ipsorum</strong></span> <span class='ocrx_word' id='word_1_38' title='bbox 1001 1085 1177 1169; x_wconf 81' lang='lat' dir='ltr'><strong>introisset,</strong></span> 
     </span>
     <span class='ocr_line' id='line_1_7' title="bbox 55 1195 1177 1282; baseline 0.003 -23"><span class='ocrx_word' id='word_1_39' title='bbox 55 1202 181 1280; x_wconf 79' lang='lat' dir='ltr'><strong>vastus,</strong></span> <span class='ocrx_word' id='word_1_40' title='bbox 204 1196 369 1280; x_wconf 89' lang='lat' dir='ltr'><strong>incendia,</strong></span> <span class='ocrx_word' id='word_1_41' title='bbox 394 1196 656 1282; x_wconf 87' lang='lat' dir='ltr'><strong>depredaciones</strong></span> <span class='ocrx_word' id='word_1_42' title='bbox 680 1195 844 1282; x_wconf 91' lang='lat' dir='ltr'><strong>orribiles‚</strong></span> <span class='ocrx_word' id='word_1_43' title='bbox 869 1197 955 1265; x_wconf 90' lang='lat' dir='ltr'><strong>sicut</strong></span> <span class='ocrx_word' id='word_1_44' title='bbox 969 1197 1068 1264; x_wconf 85' lang='lat' dir='ltr'><strong>moris</strong></span> <span class='ocrx_word' id='word_1_45' title='bbox 1092 1195 1177 1281; x_wconf 89' lang='lat' dir='ltr'><strong>ipso·</strong></span> 
     </span>
     <span class='ocr_line' id='line_1_8' title="bbox 54 1303 1177 1388; baseline 0.001 -20"><span class='ocrx_word' id='word_1_46' title='bbox 54 1323 127 1368; x_wconf 92' lang='lat' dir='ltr'><strong>rum</strong></span> <span class='ocrx_word' id='word_1_47' title='bbox 151 1313 210 1388; x_wconf 88' lang='lat' dir='ltr'><strong>est,</strong></span> <span class='ocrx_word' id='word_1_48' title='bbox 231 1304 471 1382; x_wconf 89' lang='lat' dir='ltr'><strong>committendo,</strong></span> <span class='ocrx_word' id='word_1_49' title='bbox 495 1304 582 1373; x_wconf 90' lang='lat' dir='ltr'><strong>idem</strong></span> <span class='ocrx_word' id='word_1_50' title='bbox 599 1303 766 1372; x_wconf 89' lang='lat' dir='ltr'><strong>Omodens</strong></span> <span class='ocrx_word' id='word_1_51' title='bbox 789 1304 957 1372; x_wconf 88' lang='lat' dir='ltr'><strong>Palatinus</strong></span> <span class='ocrx_word' id='word_1_52' title='bbox 975 1309 1090 1372; x_wconf 88' lang='lat' dir='ltr'><strong>contra</strong></span> <span class='ocrx_word' id='word_1_53' title='bbox 1106 1322 1177 1370; x_wconf 91' lang='lat' dir='ltr'><strong>cos·</strong></span> 
     </span>
     <span class='ocr_line' id='line_1_9' title="bbox 55 1411 1177 1500; baseline 0.001 -24"><span class='ocrx_word' id='word_1_54' title='bbox 55 1411 131 1478; x_wconf 87' lang='lat' dir='ltr'><strong>dem</strong></span> <span class='ocrx_word' id='word_1_55' title='bbox 147 1413 307 1481; x_wconf 79' lang='lat' dir='ltr'><strong>Tartaron</strong></span> <span class='ocrx_word' id='word_1_56' title='bbox 324 1413 535 1498; x_wconf 87' lang='lat' dir='ltr'><strong>insurgendo,</strong></span> <span class='ocrx_word' id='word_1_57' title='bbox 559 1416 679 1481; x_wconf 93' lang='lat' dir='ltr'><strong>multos</strong></span> <span class='ocrx_word' id='word_1_58' title='bbox 704 1433 745 1480; x_wconf 83' lang='lat' dir='ltr'><strong>ex</strong></span> <span class='ocrx_word' id='word_1_59' title='bbox 760 1413 842 1500; x_wconf 90' lang='lat' dir='ltr'><strong>ipsis</strong></span> <span class='ocrx_word' id='word_1_60' title='bbox 866 1433 922 1481; x_wconf 92' lang='lat' dir='ltr'><strong>ore</strong></span> <span class='ocrx_word' id='word_1_61' title='bbox 938 1413 1044 1500; x_wconf 85' lang='lat' dir='ltr'><strong>gladii</strong></span> <span class='ocrx_word' id='word_1_62' title='bbox 1059 1413 1177 1480; x_wconf 91' lang='lat' dir='ltr'><strong>intere·</strong></span> 
     </span>
     <span class='ocr_line' id='line_1_10' title="bbox 55 1521 1178 1608; baseline 0.001 -23"><span class='ocrx_word' id='word_1_63' title='bbox 55 1522 122 1603; x_wconf 86' lang='lat' dir='ltr'><strong>mit,</strong></span> <span class='ocrx_word' id='word_1_64' title='bbox 148 1531 182 1589; x_wconf 88' lang='lat' dir='ltr'><strong>ct</strong></span> <span class='ocrx_word' id='word_1_65' title='bbox 204 1525 414 1606; x_wconf 86' lang='lat' dir='ltr'><strong>quamplures</strong></span> <span class='ocrx_word' id='word_1_66' title='bbox 438 1523 586 1608; x_wconf 83' lang='lat' dir='ltr'><strong>captivos</strong></span> <span class='ocrx_word' id='word_1_67' title='bbox 611 1522 782 1598; x_wconf 83' lang='lat' dir='ltr'><strong>liberavit,</strong></span> <span class='ocrx_word' id='word_1_68' title='bbox 809 1543 849 1592; x_wconf 91' lang='lat' dir='ltr'><strong>ac</strong></span> <span class='ocrx_word' id='word_1_69' title='bbox 872 1521 906 1586; x_wconf 92' lang='lat' dir='ltr'><strong>in</strong></span> <span class='ocrx_word' id='word_1_70' title='bbox 931 1523 1059 1608; x_wconf 89' lang='lat' dir='ltr'><strong>signnm</strong></span> <span class='ocrx_word' id='word_1_71' title='bbox 1080 1522 1178 1589; x_wconf 85' lang='lat' dir='ltr'><strong>victo</strong></span> 
     </span>
     <span class='ocr_line' id='line_1_11' title="bbox 55 1629 1177 1718; baseline 0.005 -26"><span class='ocrx_word' id='word_1_72' title='bbox 55 1631 100 1695; x_wconf 90' lang='lat' dir='ltr'><strong>rie</strong></span> <span class='ocrx_word' id='word_1_73' title='bbox 127 1631 240 1697; x_wconf 91' lang='lat' dir='ltr'><strong>decem</strong></span> <span class='ocrx_word' id='word_1_74' title='bbox 257 1632 369 1716; x_wconf 89' lang='lat' dir='ltr'><strong>capita</strong></span> <span class='ocrx_word' id='word_1_75' title='bbox 384 1633 573 1717; x_wconf 84' lang='lat' dir='ltr'><strong>Principum</strong></span> <span class='ocrx_word' id='word_1_76' title='bbox 589 1631 629 1696; x_wconf 91' lang='lat' dir='ltr'><strong>de</strong></span> <span class='ocrx_word' id='word_1_77' title='bbox 654 1632 730 1716; x_wconf 89' lang='lat' dir='ltr'><strong>ipsa</strong></span> <span class='ocrx_word' id='word_1_78' title='bbox 746 1639 843 1718; x_wconf 87' lang='lat' dir='ltr'><strong>gente</strong></span> <span class='ocrx_word' id='word_1_79' title='bbox 859 1630 988 1716; x_wconf 86' lang='lat' dir='ltr'><strong>perfida</strong></span> <span class='ocrx_word' id='word_1_80' title='bbox 1010 1631 1075 1715; x_wconf 91' lang='lat' dir='ltr'><strong>ipsi</strong></span> <span class='ocrx_word' id='word_1_81' title='bbox 1095 1629 1177 1716; x_wconf 82' lang='lat' dir='ltr'><strong>Regi</strong></span> 
     </span>
     <span class='ocr_line' id='line_1_12' title="bbox 56 1737 1179 1829; baseline 0.003 -27"><span class='ocrx_word' id='word_1_82' title='bbox 56 1737 213 1806; x_wconf 85' lang='lat' dir='ltr'><strong>Ladislao</strong></span> <span class='ocrx_word' id='word_1_83' title='bbox 237 1740 449 1823; x_wconf 85' lang='lat' dir='ltr'><strong>presentavit.</strong></span> <span class='ocrx_word' id='word_1_84' title='bbox 474 1741 578 1808; x_wconf 90' lang='lat' dir='ltr'><strong>Nobis</strong></span> <span class='ocrx_word' id='word_1_85' title='bbox 595 1741 698 1808; x_wconf 88' lang='lat' dir='ltr'><strong>eciam</strong></span> <span class='ocrx_word' id='word_1_86' title='bbox 716 1749 790 1829; x_wconf 90' lang='lat' dir='ltr'><strong>post</strong></span> <span class='ocrx_word' id='word_1_87' title='bbox 807 1740 929 1809; x_wconf 92' lang='lat' dir='ltr'><strong>obitum</strong></span> <span class='ocrx_word' id='word_1_88' title='bbox 955 1739 1101 1807; x_wconf 91' lang='lat' dir='ltr'><strong>eiusdem</strong></span> <span class='ocrx_word' id='word_1_89' title='bbox 1117 1741 1179 1806; x_wconf 90' lang='lat' dir='ltr'><strong>La-</strong></span> 
     </span>
     <span class='ocr_line' id='line_1_13' title="bbox 56 1845 1178 1936; baseline 0.002 -24"><span class='ocrx_word' id='word_1_90' title='bbox 56 1847 159 1915; x_wconf 92' lang='lat' dir='ltr'><strong>dislai</strong></span> <span class='ocrx_word' id='word_1_91' title='bbox 183 1849 285 1935; x_wconf 89' lang='lat' dir='ltr'><strong>Regis</strong></span> <span class='ocrx_word' id='word_1_92' title='bbox 309 1849 441 1936; x_wconf 81' lang='lat' dir='ltr'><strong>Inclyti,</strong></span> <span class='ocrx_word' id='word_1_93' title='bbox 465 1851 622 1936; x_wconf 86' lang='lat' dir='ltr'><strong>patruclis</strong></span> <span class='ocrx_word' id='word_1_94' title='bbox 646 1850 758 1918; x_wconf 85' lang='lat' dir='ltr'><strong>fratris</strong></span> <span class='ocrx_word' id='word_1_95' title='bbox 781 1849 903 1934; x_wconf 88' lang='lat' dir='ltr'><strong>nostri,</strong></span> <span class='ocrx_word' id='word_1_96' title='bbox 929 1845 1178 1916; x_wconf 85' lang='lat' dir='ltr'><strong>succedentibus</strong></span> 
     </span>
     <span class='ocr_line' id='line_1_14' title="bbox 56 1955 1178 2042; baseline 0.002 -21"><span class='ocrx_word' id='word_1_97' title='bbox 56 1958 204 2022; x_wconf 84' lang='lat' dir='ltr'><strong>eviterno</strong></span> <span class='ocrx_word' id='word_1_98' title='bbox 224 1958 300 2041; x_wconf 87' lang='lat' dir='ltr'><strong>jure</strong></span> <span class='ocrx_word' id='word_1_99' title='bbox 317 1965 350 2025; x_wconf 89' lang='lat' dir='ltr'><strong>et</strong></span> <span class='ocrx_word' id='word_1_100' title='bbox 373 1959 486 2026; x_wconf 89' lang='lat' dir='ltr'><strong>ordine</strong></span> <span class='ocrx_word' id='word_1_101' title='bbox 509 1961 681 2042; x_wconf 85' lang='lat' dir='ltr'><strong>geniture,</strong></span> <span class='ocrx_word' id='word_1_102' title='bbox 706 1959 794 2026; x_wconf 92' lang='lat' dir='ltr'><strong>idam</strong></span> <span class='ocrx_word' id='word_1_103' title='bbox 819 1957 983 2025; x_wconf 90' lang='lat' dir='ltr'><strong>Omodens</strong></span> <span class='ocrx_word' id='word_1_104' title='bbox 1007 1955 1178 2024; x_wconf 90' lang='lat' dir='ltr'><strong>Palatinus</strong></span> 
     </span>
     <span class='ocr_line' id='line_1_15' title="bbox 55 2061 1178 2152; baseline 0.001 -27"><span class='ocrx_word' id='word_1_105' title='bbox 55 2083 125 2127; x_wconf 87' lang='lat' dir='ltr'><strong>cnm</strong></span> <span class='ocrx_word' id='word_1_106' title='bbox 144 2071 216 2131; x_wconf 87' lang='lat' dir='ltr'><strong>tota</strong></span> <span class='ocrx_word' id='word_1_107' title='bbox 234 2067 393 2134; x_wconf 88' lang='lat' dir='ltr'><strong>societate</strong></span> <span class='ocrx_word' id='word_1_108' title='bbox 418 2088 458 2134; x_wconf 91' lang='lat' dir='ltr'><strong>ac</strong></span> <span class='ocrx_word' id='word_1_109' title='bbox 474 2068 675 2152; x_wconf 89' lang='lat' dir='ltr'><strong>cognacione</strong></span> <span class='ocrx_word' id='word_1_110' title='bbox 692 2088 753 2137; x_wconf 86' lang='lat' dir='ltr'><strong>sna</strong></span> <span class='ocrx_word' id='word_1_111' title='bbox 768 2075 859 2135; x_wconf 91' lang='lat' dir='ltr'><strong>tantc</strong></span> <span class='ocrx_word' id='word_1_112' title='bbox 883 2065 1052 2133; x_wconf 86' lang='lat' dir='ltr'><strong>fidelitatis</strong></span> <span class='ocrx_word' id='word_1_113' title='bbox 1071 2061 1178 2148; x_wconf 90' lang='lat' dir='ltr'><strong>auspi·</strong></span> 
     </span>
     <span class='ocr_line' id='line_1_16' title="bbox 54 2172 1179 2262; baseline 0.001 -27"><span class='ocrx_word' id='word_1_114' title='bbox 54 2172 112 2239; x_wconf 90' lang='lat' dir='ltr'><strong>ciis</strong></span> <span class='ocrx_word' id='word_1_115' title='bbox 138 2175 267 2242; x_wconf 87' lang='lat' dir='ltr'><strong>studuit</strong></span> <span class='ocrx_word' id='word_1_116' title='bbox 283 2175 454 2258; x_wconf 87' lang='lat' dir='ltr'><strong>adherere,</strong></span> <span class='ocrx_word' id='word_1_117' title='bbox 481 2197 542 2260; x_wconf 90' lang='lat' dir='ltr'><strong>que</strong></span> <span class='ocrx_word' id='word_1_118' title='bbox 567 2177 735 2262; x_wconf 89' lang='lat' dir='ltr'><strong>explicare</strong></span> <span class='ocrx_word' id='word_1_119' title='bbox 751 2196 809 2262; x_wconf 90' lang='lat' dir='ltr'><strong>per</strong></span> <span class='ocrx_word' id='word_1_120' title='bbox 833 2175 965 2262; x_wconf 87' lang='lat' dir='ltr'><strong>singula</strong></span> <span class='ocrx_word' id='word_1_121' title='bbox 980 2173 1110 2256; x_wconf 92' lang='lat' dir='ltr'><strong>longum</strong></span> <span class='ocrx_word' id='word_1_122' title='bbox 1127 2190 1179 2238; x_wconf 90' lang='lat' dir='ltr'><strong>es·</strong></span> 
     </span>
     <span class='ocr_line' id='line_1_17' title="bbox 54 2279 1179 2371; baseline -0.003 -24"><span class='ocrx_word' id='word_1_123' title='bbox 54 2291 166 2349; x_wconf 88' lang='lat' dir='ltr'><strong>set-</strong></span> <span class='ocrx_word' id='word_1_124' title='bbox 188 2317 223 2328; x_wconf 81' lang='lat'>-</span> <span class='ocrx_word' id='word_1_125' title='bbox 249 2285 355 2354; x_wconf 85' lang='lat' dir='ltr'><strong>eciam</strong></span> <span class='ocrx_word' id='word_1_126' title='bbox 378 2306 491 2353; x_wconf 88' lang='lat' dir='ltr'><strong>omnes</strong></span> <span class='ocrx_word' id='word_1_127' title='bbox 516 2307 593 2354; x_wconf 91' lang='lat' dir='ltr'><strong>suas</strong></span> <span class='ocrx_word' id='word_1_128' title='bbox 618 2288 847 2371; x_wconf 87' lang='lat' dir='ltr'><strong>possessiones</strong></span> <span class='ocrx_word' id='word_1_129' title='bbox 870 2293 939 2350; x_wconf 90' lang='lat' dir='ltr'><strong>tarn</strong></span> <span class='ocrx_word' id='word_1_130' title='bbox 962 2279 1179 2349; x_wconf 85' lang='lat' dir='ltr'><strong>hereditarias</strong></span> 
     </span>
     <span class='ocr_line' id='line_1_18' title="bbox 54 2387 1181 2476; baseline -0.001 -22"><span class='ocrx_word' id='word_1_131' title='bbox 54 2409 156 2471; x_wconf 84' lang='lat' dir='ltr'><strong>quarn</strong></span> <span class='ocrx_word' id='word_1_132' title='bbox 179 2391 349 2476; x_wconf 84' lang='lat' dir='ltr'><strong>aquisitae,</strong></span> <span class='ocrx_word' id='word_1_133' title='bbox 375 2415 442 2462; x_wconf 87' lang='lat' dir='ltr'><strong>vna</strong></span> <span class='ocrx_word' id='word_1_134' title='bbox 456 2415 528 2462; x_wconf 88' lang='lat' dir='ltr'><strong>curn</strong></span> <span class='ocrx_word' id='word_1_135' title='bbox 544 2395 780 2464; x_wconf 82' lang='lat' dir='ltr'><strong>municionibus</strong></span> <span class='ocrx_word' id='word_1_136' title='bbox 797 2403 831 2462; x_wconf 88' lang='lat' dir='ltr'><strong>et</strong></span> <span class='ocrx_word' id='word_1_137' title='bbox 847 2394 964 2460; x_wconf 90' lang='lat' dir='ltr'><strong>castris</strong></span> <span class='ocrx_word' id='word_1_138' title='bbox 988 2392 1110 2457; x_wconf 83' lang='lat' dir='ltr'><strong>noctuis</strong></span> <span class='ocrx_word' id='word_1_139' title='bbox 1126 2387 1181 2453; x_wconf 93' lang='lat' dir='ltr'><strong>dn·</strong></span> 
     </span>
     <span class='ocr_line' id='line_1_19' title="bbox 56 2497 1180 2572; baseline 0.001 -9"><span class='ocrx_word' id='word_1_140' title='bbox 56 2499 141 2564; x_wconf 84' lang='lat' dir='ltr'><strong>uerit</strong></span> <span class='ocrx_word' id='word_1_141' title='bbox 166 2499 319 2568; x_wconf 91' lang='lat' dir='ltr'><strong>manibus</strong></span> <span class='ocrx_word' id='word_1_142' title='bbox 341 2503 521 2572; x_wconf 87' lang='lat' dir='ltr'><strong>liberaliter</strong></span> <span class='ocrx_word' id='word_1_143' title='bbox 544 2503 729 2571; x_wconf 86' lang='lat' dir='ltr'><strong>offerendas</strong></span> <span class='ocrx_word' id='word_1_144' title='bbox 754 2512 867 2572; x_wconf 88' lang='lat' dir='ltr'><strong>nostre</strong></span> <span class='ocrx_word' id='word_1_145' title='bbox 892 2497 1106 2570; x_wconf 78' lang='lat' dir='ltr'><strong>Gclsitudinis</strong></span> <span class='ocrx_word' id='word_1_146' title='bbox 1130 2517 1180 2564; x_wconf 90' lang='lat' dir='ltr'><strong>ar-</strong></span> 
     </span>
     <span class='ocr_line' id='line_1_20' title="bbox 54 2605 1180 2698; baseline 0 -26"><span class='ocrx_word' id='word_1_147' title='bbox 54 2607 154 2674; x_wconf 90' lang='lat' dir='ltr'><strong>bitrio</strong></span> <span class='ocrx_word' id='word_1_148' title='bbox 179 2609 421 2696; x_wconf 90' lang='lat' dir='ltr'><strong>disponendas,</strong></span> <span class='ocrx_word' id='word_1_149' title='bbox 445 2611 479 2676; x_wconf 91' lang='lat' dir='ltr'><strong>in</strong></span> <span class='ocrx_word' id='word_1_150' title='bbox 504 2613 607 2698; x_wconf 91' lang='lat' dir='ltr'><strong>ipsius</strong></span> <span class='ocrx_word' id='word_1_151' title='bbox 631 2611 844 2680; x_wconf 89' lang='lat' dir='ltr'><strong>etheredum</strong></span> <span class='ocrx_word' id='word_1_152' title='bbox 870 2629 1002 2677; x_wconf 91' lang='lat' dir='ltr'><strong>suorum</strong></span> <span class='ocrx_word' id='word_1_153' title='bbox 1018 2605 1180 2694; x_wconf 89' lang='lat' dir='ltr'><strong>personis,</strong></span> 
     </span>
     <span class='ocr_line' id='line_1_21' title="bbox 54 2715 1180 2808; baseline -0.003 -25"><span class='ocrx_word' id='word_1_154' title='bbox 54 2735 114 2800; x_wconf 91' lang='lat' dir='ltr'><strong>pro</strong></span> <span class='ocrx_word' id='word_1_155' title='bbox 131 2717 320 2802; x_wconf 89' lang='lat' dir='ltr'><strong>insignibus</strong></span> <span class='ocrx_word' id='word_1_156' title='bbox 336 2719 405 2786; x_wconf 90' lang='lat' dir='ltr'><strong>suis</strong></span> <span class='ocrx_word' id='word_1_157' title='bbox 415 2719 544 2790; x_wconf 89' lang='lat' dir='ltr'><strong>actibus</strong></span> <span class='ocrx_word' id='word_1_158' title='bbox 561 2722 793 2808; x_wconf 77' lang='lat' dir='ltr'><strong>gratificandus</strong></span> <span class='ocrx_word' id='word_1_159' title='bbox 806 2720 849 2786; x_wconf 88' lang='lat' dir='ltr'><strong>ad</strong></span> <span class='ocrx_word' id='word_1_160' title='bbox 865 2719 1009 2806; x_wconf 91' lang='lat' dir='ltr'><strong>plenum,</strong></span> <span class='ocrx_word' id='word_1_161' title='bbox 1025 2718 1080 2783; x_wconf 88' lang='lat' dir='ltr'><strong>vel</strong></span> <span class='ocrx_word' id='word_1_162' title='bbox 1096 2715 1180 2782; x_wconf 88' lang='lat' dir='ltr'><strong>alias</strong></span> 
     </span>
     <span class='ocr_line' id='line_1_22' title="bbox 55 2821 1181 2912; baseline -0.004 -20"><span class='ocrx_word' id='word_1_163' title='bbox 55 2826 179 2892; x_wconf 92' lang='lat' dir='ltr'><strong>uostris</strong></span> <span class='ocrx_word' id='word_1_164' title='bbox 204 2824 479 2910; x_wconf 83' lang='lat' dir='ltr'><strong>disposicionibus</strong></span> <span class='ocrx_word' id='word_1_165' title='bbox 503 2831 736 2912; x_wconf 87' lang='lat' dir='ltr'><strong>reservandas,</strong></span> <span class='ocrx_word' id='word_1_166' title='bbox 761 2837 852 2896; x_wconf 87' lang='lat' dir='ltr'><strong>tanto</strong></span> <span class='ocrx_word' id='word_1_167' title='bbox 869 2826 1036 2894; x_wconf 87' lang='lat' dir='ltr'><strong>fidelitatis</strong></span> <span class='ocrx_word' id='word_1_168' title='bbox 1063 2821 1181 2891; x_wconf 88' lang='lat' dir='ltr'><strong>ardore</strong></span> 
     </span>
     <span class='ocr_line' id='line_1_23' title="bbox 55 2931 1182 3022; baseline 0 -25"><span class='ocrx_word' id='word_1_169' title='bbox 55 2933 229 3000; x_wconf 89' lang='lat' dir='ltr'><strong>nobiscum</strong></span> <span class='ocrx_word' id='word_1_170' title='bbox 254 2934 339 3000; x_wconf 88' lang='lat' dir='ltr'><strong>inter</strong></span> <span class='ocrx_word' id='word_1_171' title='bbox 362 2935 436 3020; x_wconf 90' lang='lat' dir='ltr'><strong>ipsa</strong></span> <span class='ocrx_word' id='word_1_172' title='bbox 458 2938 615 3005; x_wconf 90' lang='lat' dir='ltr'><strong>novitatis</strong></span> <span class='ocrx_word' id='word_1_173' title='bbox 640 2939 741 3007; x_wconf 91' lang='lat' dir='ltr'><strong>inicia</strong></span> <span class='ocrx_word' id='word_1_174' title='bbox 765 2935 994 3022; x_wconf 89' lang='lat' dir='ltr'><strong>procedendo,</strong></span> <span class='ocrx_word' id='word_1_175' title='bbox 1022 2937 1057 2998; x_wconf 89' lang='lat' dir='ltr'><strong>ut</strong></span> <span class='ocrx_word' id='word_1_176' title='bbox 1078 2931 1182 2998; x_wconf 87' lang='lat' dir='ltr'><strong>multa</strong></span> 
     </span>
     <span class='ocr_line' id='line_1_24' title="bbox 57 3039 1180 3131; baseline -0.001 -25"><span class='ocrx_word' id='word_1_177' title='bbox 57 3049 181 3126; x_wconf 75' lang='lat' dir='ltr'><strong>caena,</strong></span> <span class='ocrx_word' id='word_1_178' title='bbox 207 3044 389 3126; x_wconf 87' lang='lat' dir='ltr'><strong>multasque</strong></span> <span class='ocrx_word' id='word_1_179' title='bbox 413 3045 628 3131; x_wconf 82' lang='lat' dir='ltr'><strong>municiones,</strong></span> <span class='ocrx_word' id='word_1_180' title='bbox 653 3067 716 3129; x_wconf 89' lang='lat' dir='ltr'><strong>que</strong></span> <span class='ocrx_word' id='word_1_181' title='bbox 739 3045 890 3112; x_wconf 87' lang='lat' dir='ltr'><strong>maximis</strong></span> <span class='ocrx_word' id='word_1_182' title='bbox 915 3045 1067 3129; x_wconf 88' lang='lat' dir='ltr'><strong>poterant</strong></span> <span class='ocrx_word' id='word_1_183' title='bbox 1088 3039 1180 3106; x_wconf 87' lang='lat' dir='ltr'><strong>labo-</strong></span> 
     </span>
     <span class='ocr_line' id='line_1_25' title="bbox 55 3146 1181 3240; baseline 0.001 -27"><span class='ocrx_word' id='word_1_184' title='bbox 55 3149 147 3216; x_wconf 89' lang='lat' dir='ltr'><strong>ribns</strong></span> <span class='ocrx_word' id='word_1_185' title='bbox 174 3159 208 3217; x_wconf 88' lang='lat' dir='ltr'><strong>et</strong></span> <span class='ocrx_word' id='word_1_186' title='bbox 232 3153 403 3220; x_wconf 88' lang='lat' dir='ltr'><strong>sudoribus</strong></span> <span class='ocrx_word' id='word_1_187' title='bbox 428 3157 578 3240; x_wconf 87' lang='lat' dir='ltr'><strong>optineri,</strong></span> <span class='ocrx_word' id='word_1_188' title='bbox 602 3177 662 3223; x_wconf 85' lang='lat' dir='ltr'><strong>sna</strong></span> <span class='ocrx_word' id='word_1_189' title='bbox 679 3155 813 3224; x_wconf 88' lang='lat' dir='ltr'><strong>cautela</strong></span> <span class='ocrx_word' id='word_1_190' title='bbox 837 3163 870 3221; x_wconf 93' lang='lat' dir='ltr'><strong>et</strong></span> <span class='ocrx_word' id='word_1_191' title='bbox 893 3150 1053 3217; x_wconf 90' lang='lat' dir='ltr'><strong>industria</strong></span> <span class='ocrx_word' id='word_1_192' title='bbox 1075 3149 1116 3214; x_wconf 91' lang='lat' dir='ltr'><strong>de</strong></span> <span class='ocrx_word' id='word_1_193' title='bbox 1132 3146 1181 3214; x_wconf 87' lang='lat' dir='ltr'><strong>ia·</strong></span> 
     </span>
     <span class='ocr_line' id='line_1_26' title="bbox 56 3257 1182 3350; baseline 0.004 -30"><span class='ocrx_word' id='word_1_194' title='bbox 56 3257 110 3321; x_wconf 86' lang='lat' dir='ltr'><strong>cili</strong></span> <span class='ocrx_word' id='word_1_195' title='bbox 135 3265 251 3325; x_wconf 91' lang='lat' dir='ltr'><strong>nostre</strong></span> <span class='ocrx_word' id='word_1_196' title='bbox 275 3268 350 3327; x_wconf 89' lang='lat' dir='ltr'><strong>sunt</strong></span> <span class='ocrx_word' id='word_1_197' title='bbox 372 3261 503 3328; x_wconf 85' lang='lat' dir='ltr'><strong>reddita</strong></span> <span class='ocrx_word' id='word_1_198' title='bbox 527 3263 657 3332; x_wconf 89' lang='lat' dir='ltr'><strong>dicioni.</strong></span> <span class='ocrx_word' id='word_1_199' title='bbox 682 3265 786 3350; x_wconf 84' lang='lat' dir='ltr'><strong>Igitur</strong></span> <span class='ocrx_word' id='word_1_200' title='bbox 810 3271 843 3330; x_wconf 88' lang='lat' dir='ltr'><strong>et</strong></span> <span class='ocrx_word' id='word_1_201' title='bbox 867 3261 967 3329; x_wconf 89' lang='lat' dir='ltr'><strong>tantis</strong></span> <span class='ocrx_word' id='word_1_202' title='bbox 992 3259 1062 3324; x_wconf 90' lang='lat' dir='ltr'><strong>cius</strong></span> <span class='ocrx_word' id='word_1_203' title='bbox 1085 3259 1182 3325; x_wconf 87' lang='lat' dir='ltr'><strong>virtu·</strong></span> 
     </span>
     <span class='ocr_line' id='line_1_27' title="bbox 54 3365 1179 3459; baseline 0.001 -29"><span class='ocrx_word' id='word_1_204' title='bbox 54 3366 142 3434; x_wconf 90' lang='lat' dir='ltr'><strong>tibus</strong></span> <span class='ocrx_word' id='word_1_205' title='bbox 168 3369 343 3436; x_wconf 89' lang='lat' dir='ltr'><strong>recensitis</strong></span> <span class='ocrx_word' id='word_1_206' title='bbox 363 3369 403 3434; x_wconf 91' lang='lat' dir='ltr'><strong>de</strong></span> <span class='ocrx_word' id='word_1_207' title='bbox 428 3371 564 3438; x_wconf 92' lang='lat' dir='ltr'><strong>consilio</strong></span> <span class='ocrx_word' id='word_1_208' title='bbox 582 3373 818 3441; x_wconf 88' lang='lat' dir='ltr'><strong>venerabilium</strong></span> <span class='ocrx_word' id='word_1_209' title='bbox 842 3380 971 3459; x_wconf 86' lang='lat' dir='ltr'><strong>patrum</strong></span> <span class='ocrx_word' id='word_1_210' title='bbox 994 3365 1179 3450; x_wconf 89' lang='lat' dir='ltr'><strong>Lodomerij</strong></span> 
     </span>
     <span class='ocr_line' id='line_1_28' title="bbox 56 3473 1182 3565; baseline 0.005 -29"><span class='ocrx_word' id='word_1_211' title='bbox 56 3473 117 3541; x_wconf 87' lang='lat' dir='ltr'><strong>Dei</strong></span> <span class='ocrx_word' id='word_1_212' title='bbox 143 3477 263 3560; x_wconf 89' lang='lat' dir='ltr'><strong>gracia</strong></span> <span class='ocrx_word' id='word_1_213' title='bbox 287 3477 535 3565; x_wconf 72' lang='lat' dir='ltr'><strong>strigoniensis,</strong></span> <span class='ocrx_word' id='word_1_214' title='bbox 561 3481 722 3549; x_wconf 79' lang='lat' dir='ltr'><strong>lobannis</strong></span> <span class='ocrx_word' id='word_1_215' title='bbox 740 3480 929 3548; x_wconf 80' lang='lat' dir='ltr'><strong>Colocensis</strong></span> <span class='ocrx_word' id='word_1_216' title='bbox 954 3477 1182 3564; x_wconf 86' lang='lat' dir='ltr'><strong>Archiepisoo-</strong></span> 
     </span>
     <span class='ocr_line' id='line_1_29' title="bbox 55 3585 1181 3674; baseline 0.004 -26"><span class='ocrx_word' id='word_1_217' title='bbox 55 3605 185 3668; x_wconf 91' lang='lat' dir='ltr'><strong>pornm,</strong></span> <span class='ocrx_word' id='word_1_218' title='bbox 210 3585 344 3654; x_wconf 82' lang='lat' dir='ltr'><strong>Andree</strong></span> <span class='ocrx_word' id='word_1_219' title='bbox 377 3591 568 3674; x_wconf 82' lang='lat' dir='ltr'><strong>Agriensis,</strong></span> <span class='ocrx_word' id='word_1_220' title='bbox 601 3593 708 3658; x_wconf 86' lang='lat' dir='ltr'><strong>Pasce</strong></span> <span class='ocrx_word' id='word_1_221' title='bbox 731 3589 909 3660; x_wconf 85' lang='lat' dir='ltr'><strong>Nitriensis</strong></span> <span class='ocrx_word' id='word_1_222' title='bbox 933 3589 1181 3674; x_wconf 80' lang='lat' dir='ltr'><strong>Episcoporum,</strong></span> 
     </span>
     <span class='ocr_line' id='line_1_30' title="bbox 56 3693 1181 3786; baseline 0.001 -28"><span class='ocrx_word' id='word_1_223' title='bbox 56 3712 189 3760; x_wconf 88' lang='lat' dir='ltr'><strong>necnon</strong></span> <span class='ocrx_word' id='word_1_224' title='bbox 211 3693 350 3762; x_wconf 84' lang='lat' dir='ltr'><strong>aliorum</strong></span> <span class='ocrx_word' id='word_1_225' title='bbox 375 3699 552 3764; x_wconf 87' lang='lat' dir='ltr'><strong>Procerum</strong></span> <span class='ocrx_word' id='word_1_226' title='bbox 576 3708 609 3767; x_wconf 88' lang='lat' dir='ltr'><strong>et</strong></span> <span class='ocrx_word' id='word_1_227' title='bbox 630 3701 815 3786; x_wconf 90' lang='lat' dir='ltr'><strong>Baronum,</strong></span> <span class='ocrx_word' id='word_1_228' title='bbox 849 3717 890 3764; x_wconf 87' lang='lat' dir='ltr'><strong>ac</strong></span> <span class='ocrx_word' id='word_1_229' title='bbox 913 3695 1181 3766; x_wconf 78' lang='lat' dir='ltr'><strong>Conciliariorum</strong></span> 
     </span>
     <span class='ocr_line' id='line_1_31' title="bbox 54 3803 1181 3894; baseline 0.001 -27"><span class='ocrx_word' id='word_1_230' title='bbox 54 3803 165 3888; x_wconf 87' lang='lat' dir='ltr'><strong>Regni</strong></span> <span class='ocrx_word' id='word_1_231' title='bbox 190 3803 294 3869; x_wconf 87' lang='lat' dir='ltr'><strong>nostri</strong></span> <span class='ocrx_word' id='word_1_232' title='bbox 325 3805 497 3873; x_wconf 89' lang='lat' dir='ltr'><strong>uniuersas</strong></span> <span class='ocrx_word' id='word_1_233' title='bbox 520 3809 748 3892; x_wconf 89' lang='lat' dir='ltr'><strong>possessiones</strong></span> <span class='ocrx_word' id='word_1_234' title='bbox 772 3817 918 3894; x_wconf 86' lang='lat' dir='ltr'><strong>tempore</strong></span> <span class='ocrx_word' id='word_1_235' title='bbox 941 3804 1091 3872; x_wconf 88' lang='lat' dir='ltr'><strong>eiusdem</strong></span> <span class='ocrx_word' id='word_1_236' title='bbox 1122 3803 1181 3868; x_wconf 89' lang='lat' dir='ltr'><strong>Re-</strong></span> 
     </span>
     <span class='ocr_line' id='line_1_32' title="bbox 52 3909 1183 4002; baseline -0.001 -28"><span class='ocrx_word' id='word_1_237' title='bbox 52 3913 104 3996; x_wconf 84' lang='lat' dir='ltr'><strong>gis</strong></span> <span class='ocrx_word' id='word_1_238' title='bbox 130 3909 287 3978; x_wconf 86' lang='lat' dir='ltr'><strong>Ladislai</strong></span> <span class='ocrx_word' id='word_1_239' title='bbox 304 3918 370 3978; x_wconf 90' lang='lat' dir='ltr'><strong>tam</strong></span> <span class='ocrx_word' id='word_1_240' title='bbox 395 3913 579 3997; x_wconf 89' lang='lat' dir='ltr'><strong>insignibus</strong></span> <span class='ocrx_word' id='word_1_241' title='bbox 596 3915 712 4002; x_wconf 79' lang='lat' dir='ltr'><strong>preliJs</strong></span> <span class='ocrx_word' id='word_1_242' title='bbox 735 3914 926 4000; x_wconf 87' lang='lat' dir='ltr'><strong>acquisitas,</strong></span> <span class='ocrx_word' id='word_1_243' title='bbox 944 3911 1097 3980; x_wconf 89' lang='lat' dir='ltr'><strong>videlicet</strong></span> <span class='ocrx_word' id='word_1_244' title='bbox 1111 3927 1183 3994; x_wconf 92' lang='lat' dir='ltr'><strong>pos-</strong></span> 
     </span>
     <span class='ocr_line' id='line_1_33' title="bbox 53 4017 1181 4112; baseline 0.001 -29"><span class='ocrx_word' id='word_1_245' title='bbox 53 4023 241 4088; x_wconf 89' lang='lat' dir='ltr'><strong>sessionem</strong></span> <span class='ocrx_word' id='word_1_246' title='bbox 265 4039 324 4088; x_wconf 89' lang='lat' dir='ltr'><strong>seu</strong></span> <span class='ocrx_word' id='word_1_247' title='bbox 348 4021 543 4091; x_wconf 86' lang='lat' dir='ltr'><strong>Comitatum</strong></span> <span class='ocrx_word' id='word_1_248' title='bbox 567 4025 641 4112; x_wconf 91' lang='lat' dir='ltr'><strong>Vng</strong></span> <span class='ocrx_word' id='word_1_249' title='bbox 663 4024 838 4094; x_wconf 87' lang='lat' dir='ltr'><strong>vocitatum</strong></span> <span class='ocrx_word' id='word_1_250' title='bbox 863 4033 936 4110; x_wconf 82' lang='lat' dir='ltr'><strong>etc,</strong></span> <span class='ocrx_word' id='word_1_251' title='bbox 960 4019 1064 4090; x_wconf 91' lang='lat' dir='ltr'><strong>eidem</strong></span> <span class='ocrx_word' id='word_1_252' title='bbox 1088 4017 1181 4084; x_wconf 90' lang='lat' dir='ltr'><strong>Omo-</strong></span> 
     </span>
     <span class='ocr_line' id='line_1_34' title="bbox 54 4127 1182 4218; baseline 0.002 -24"><span class='ocrx_word' id='word_1_253' title='bbox 54 4129 116 4195; x_wconf 88' lang='lat' dir='ltr'><strong>dco</strong></span> <span class='ocrx_word' id='word_1_254' title='bbox 142 4127 305 4195; x_wconf 88' lang='lat' dir='ltr'><strong>Palatino</strong></span> <span class='ocrx_word' id='word_1_255' title='bbox 329 4141 362 4198; x_wconf 91' lang='lat' dir='ltr'><strong>et</strong></span> <span class='ocrx_word' id='word_1_256' title='bbox 385 4152 443 4218; x_wconf 88' lang='lat' dir='ltr'><strong>per</strong></span> <span class='ocrx_word' id='word_1_257' title='bbox 467 4152 538 4200; x_wconf 90' lang='lat' dir='ltr'><strong>cum</strong></span> <span class='ocrx_word' id='word_1_258' title='bbox 563 4133 631 4200; x_wconf 88' lang='lat' dir='ltr'><strong>suis</strong></span> <span class='ocrx_word' id='word_1_259' title='bbox 654 4133 889 4204; x_wconf 81' lang='lat' dir='ltr'><strong>heredibus-</strong></span> <span class='ocrx_word' id='word_1_260' title='bbox 904 4130 1182 4197; x_wconf 84' lang='lat' dir='ltr'><strong>-duximus-</strong></span> 
     </span>
     <span class='ocr_line' id='line_1_35' title="bbox 43 4235 1180 4332; baseline 0.004 -30"><span class='ocrx_word' id='word_1_261' title='bbox 43 4271 96 4332; x_wconf 8' lang='lat'><strong>¹—</strong></span> <span class='ocrx_word' id='word_1_262' title='bbox 113 4277 159 4286; x_wconf 98' lang='lat'>-</span> <span class='ocrx_word' id='word_1_263' title='bbox 179 4235 424 4306; x_wconf 87' lang='lat' dir='ltr'><strong>confirmandas</strong></span> <span class='ocrx_word' id='word_1_264' title='bbox 441 4275 485 4288; x_wconf 88' lang='lat'>-</span> <span class='ocrx_word' id='word_1_265' title='bbox 501 4275 545 4289; x_wconf 90' lang='lat'>-</span> <span class='ocrx_word' id='word_1_266' title='bbox 560 4279 613 4306; x_wconf 90' lang='lat'><strong>-.</strong></span> <span class='ocrx_word' id='word_1_267' title='bbox 629 4239 669 4310; x_wconf 91' lang='lat' dir='ltr'><strong>In</strong></span> <span class='ocrx_word' id='word_1_268' title='bbox 686 4244 777 4309; x_wconf 90' lang='lat' dir='ltr'><strong>cuins</strong></span> <span class='ocrx_word' id='word_1_269' title='bbox 801 4243 850 4308; x_wconf 89' lang='lat' dir='ltr'><strong>rei</strong></span> <span class='ocrx_word' id='word_1_270' title='bbox 874 4241 1064 4310; x_wconf 89' lang='lat' dir='ltr'><strong>memoriam</strong></span> <span class='ocrx_word' id='word_1_271' title='bbox 1080 4277 1122 4288; x_wconf 83' lang='lat'><em>-</em></span> <span class='ocrx_word' id='word_1_272' title='bbox 1139 4271 1180 4283; x_wconf 89' lang='lat'><em>-</em></span> 
     </span>
     <span class='ocr_line' id='line_1_36' title="bbox 43 4345 1182 4436; baseline 0.001 -23"><span class='ocrx_word' id='word_1_273' title='bbox 43 4363 96 4402; x_wconf 67' lang='lat' dir='ltr'><strong>t·—</strong></span> <span class='ocrx_word' id='word_1_274' title='bbox 112 4355 298 4434; x_wconf 87' lang='lat' dir='ltr'><strong>preeentes</strong></span> <span class='ocrx_word' id='word_1_275' title='bbox 315 4345 534 4416; x_wconf 86' lang='lat' dir='ltr'><strong>concessimus</strong></span> <span class='ocrx_word' id='word_1_276' title='bbox 558 4349 684 4418; x_wconf 89' lang='lat' dir='ltr'><strong>litteras</strong></span> <span class='ocrx_word' id='word_1_277' title='bbox 704 4349 844 4436; x_wconf 90' lang='lat' dir='ltr'><strong>duplicis</strong></span> <span class='ocrx_word' id='word_1_278' title='bbox 867 4349 969 4436; x_wconf 90' lang='lat' dir='ltr'><strong>sigilli</strong></span> <span class='ocrx_word' id='word_1_279' title='bbox 991 4349 1093 4418; x_wconf 89' lang='lat' dir='ltr'><strong>nostri</strong></span> <span class='ocrx_word' id='word_1_280' title='bbox 1117 4365 1182 4410; x_wconf 92' lang='lat' dir='ltr'><strong>mu-</strong></span> 
     </span>
     <span class='ocr_line' id='line_1_37' title="bbox 45 4457 1182 4556; baseline -0.001 -33"><span class='ocrx_word' id='word_1_281' title='bbox 45 4459 182 4556; x_wconf 73' lang='lat' dir='ltr'><strong>nimine</strong></span> <span class='ocrx_word' id='word_1_282' title='bbox 210 4459 402 4542; x_wconf 62' lang='lat' dir='ltr'><strong>roboratam</strong></span> <span class='ocrx_word' id='word_1_283' title='bbox 435 4457 554 4544; x_wconf 90' lang='lat' dir='ltr'><strong>sigillis</strong></span> <span class='ocrx_word' id='word_1_284' title='bbox 586 4457 814 4526; x_wconf 89' lang='lat' dir='ltr'><strong>nichilominus</strong></span> <span class='ocrx_word' id='word_1_285' title='bbox 847 4459 1021 4528; x_wconf 88' lang='lat' dir='ltr'><strong>eorundem</strong></span> <span class='ocrx_word' id='word_1_286' title='bbox 1053 4465 1182 4542; x_wconf 88' lang='lat' dir='ltr'><strong>patrum</strong></span> 
     </span>
     <span class='ocr_line' id='line_1_38' title="bbox 46 4557 1182 4654; baseline -0.001 -23"><span class='ocrx_word' id='word_1_287' title='bbox 46 4557 303 4636; x_wconf 78' lang='lat' dir='ltr'><strong>&#39;venerabilium</strong></span> <span class='ocrx_word' id='word_1_288' title='bbox 327 4563 370 4631; x_wconf 88' lang='lat' dir='ltr'><strong>ad</strong></span> <span class='ocrx_word' id='word_1_289' title='bbox 394 4567 573 4634; x_wconf 77' lang='lat' dir='ltr'><strong>uberiorem</strong></span> <span class='ocrx_word' id='word_1_290' title='bbox 597 4569 644 4633; x_wconf 87' lang='lat' dir='ltr'><strong>rei</strong></span> <span class='ocrx_word' id='word_1_291' title='bbox 668 4569 829 4635; x_wconf 84' lang='lat' dir='ltr'><strong>cautelam</strong></span> <span class='ocrx_word' id='word_1_292' title='bbox 853 4568 1060 4654; x_wconf 88' lang='lat' dir='ltr'><strong>presentibus</strong></span> <span class='ocrx_word' id='word_1_293' title='bbox 1086 4566 1182 4632; x_wconf 89' lang='lat' dir='ltr'><strong>inter-</strong></span> 
     </span>
    </p>

    <p class='ocr_par' dir='ltr' id='par_1_3' title="bbox 56 4673 1183 4869">
     <span class='ocr_line' id='line_1_39' title="bbox 96 4673 1182 4762; baseline -0.005 -20"><span class='ocrx_word' id='word_1_294' title='bbox 96 4677 173 4742; x_wconf 88' lang='lat' dir='ltr'><strong>sitis</strong></span> <span class='ocrx_word' id='word_1_295' title='bbox 192 4680 231 4740; x_wconf 90' lang='lat' dir='ltr'><strong>et</strong></span> <span class='ocrx_word' id='word_1_296' title='bbox 254 4673 425 4760; x_wconf 84' lang='lat' dir='ltr'><strong>adjunctis.</strong></span> <span class='ocrx_word' id='word_1_297' title='bbox 444 4675 562 4741; x_wconf 79' lang='lat' dir='ltr'><strong>Datum</strong></span> <span class='ocrx_word' id='word_1_298' title='bbox 586 4697 644 4762; x_wconf 91' lang='lat' dir='ltr'><strong>per</strong></span> <span class='ocrx_word' id='word_1_299' title='bbox 660 4695 775 4745; x_wconf 90' lang='lat' dir='ltr'><strong>manns</strong></span> <span class='ocrx_word' id='word_1_300' title='bbox 795 4677 926 4744; x_wconf 90' lang='lat' dir='ltr'><strong>discreti</strong></span> <span class='ocrx_word' id='word_1_301' title='bbox 949 4675 1010 4741; x_wconf 87' lang='lat' dir='ltr'><strong>viri</strong></span> <span class='ocrx_word' id='word_1_302' title='bbox 1034 4673 1182 4758; x_wconf 84' lang='lat' dir='ltr'><strong>magistri</strong></span> 
     </span>
     <span class='ocr_line' id='line_1_40' title="bbox 56 4783 1183 4869; baseline 0 -17"><span class='ocrx_word' id='word_1_303' title='bbox 56 4784 235 4852; x_wconf 85' lang='lat' dir='ltr'><strong>&#39;lheodori</strong></span> <span class='ocrx_word' id='word_1_304' title='bbox 267 4783 426 4868; x_wconf 86' lang='lat' dir='ltr'><strong>Prepcsiti</strong></span> <span class='ocrx_word' id='word_1_305' title='bbox 460 4783 611 4852; x_wconf 86' lang='lat' dir='ltr'><strong>Albensis</strong></span> <span class='ocrx_word' id='word_1_306' title='bbox 644 4785 811 4869; x_wconf 83' lang='lat' dir='ltr'><strong>Ecclesia,</strong></span> <span class='ocrx_word' id='word_1_307' title='bbox 847 4791 920 4855; x_wconf 84' lang='lat' dir='ltr'><strong>aule</strong></span> <span class='ocrx_word' id='word_1_308' title='bbox 945 4792 1058 4852; x_wconf 85' lang='lat' dir='ltr'><strong>nostre</strong></span> <span class='ocrx_word' id='word_1_309' title='bbox 1090 4790 1183 4854; x_wconf 54' lang='lat' dir='ltr'><strong>llice*</strong></span> 
     </span>
    </p>

    <p class='ocr_par' dir='ltr' id='par_1_4' title="bbox 976 4897 1013 4958">
     <span class='ocr_line' id='line_1_41' title="bbox 976 4897 1013 4958; baseline 0 -22"><span class='ocrx_word' id='word_1_310' title='bbox 976 4897 1013 4958; x_wconf 68' lang='lat'><strong>1*</strong></span> 
     </span>
    </p>
   </div>
   <div class='ocr_carea' id='block_1_3' title="bbox 0 0 1577 5180">
    <p class='ocr_par' dir='ltr' id='par_1_5' title="bbox 0 0 1577 5180">
     <span class='ocr_line' id='line_1_42' title="bbox 0 0 1577 5180; baseline 0 0"><span class='ocrx_word' id='word_1_311' title='bbox 0 0 1577 5180; x_wconf 95' lang='lat' dir='ltr'><strong> </strong></span> 
     </span>
    </p>
   </div>
  </div>
 </body>
</html>
