3072 5168
644 935 703 1002 95.

106 1113 171 1180 ΙΙΙ.
179 1114 825 1204 mmerimlpdtekdoeeiomeokomt
834 1116 1233 1204 Pandetrrotocroepyaec

106 1221 374 1311 cdomdnyozdrdt
390 1247 427 1288 az
447 1221 567 1311 erdelyi
591 1225 747 1310 kdptalon
761 1229 908 1290 ιιάιηάια
923 1227 1107 1312 megerdetti.
1132 1227 1229 1292 1296.

215 1404 368 1474 Andreas
379 1403 443 1472 Dei
453 1405 568 1492 gracia
577 1407 754 1490 Hnngarie,
764 1407 946 1484 Dalmacie‚
957 1405 1106 1491 Groacie,
1115 1405 1230 1486 Barne,

106 1515 246 1601 Sernye,
263 1514 646 1603 Gallycie,Lodomyrie,
665 1515 832 1602 (inmanis,
849 1516 1068 1602 Bulgarioqne
1082 1516 1229 1582 Rexorn-

105 1627 203 1694 nibus
219 1622 344 1692 Obristi
360 1623 512 1694 fidelibus
528 1629 594 1696 tam
618 1625 830 1713 presentibus
844 1643 941 1710 qnam
956 1625 1073 1692 suturis
1089 1625 1229 1692 salntem

105 1731 139 1798 in
168 1729 310 1800 Domino
336 1733 582 1821 sempiternam.
609 1730 660 1800 Ad
686 1733 907 1802 uniuersorum
933 1733 1088 1802 noticiam
1112 1729 1246 1798 harum·

105 1842 253 1908 volnmns
280 1861 378 1930 serpe
397 1841 579 1908 litterarum
605 1842 798 1928 peruenire,
825 1841 911 1926 qnod
927 1841 1117 1910 Dominicns
1141 1839 1229 1907 filins

105 1947 258 2016 Ladizlai
274 1949 317 2016 de
331 1949 525 2020 (thekeloka
541 1949 585 2019 ad
600 1957 745 2020 nostram
765 1951 929 2019 accedens
945 1947 1162 2035 presenciam,
1172 1968 1228 2014 no·

104 2057 193 2124 minc
210 2075 270 2122 sno
287 2063 320 2124 et
335 2061 467 2126 nomine
478 2059 590 2128 Lnlras
606 2058 716 2128 fratris
733 2059 784 2126 sni
801 2059 973 2128 confessus
985 2061 1042 2140 est,
1059 2055 1227 2140 quandam

105 2171 225 2235 terram
242 2163 498 2234 Paadroeatam
509 2185 605 2252 quarn
616 2167 841 2253 progenitores
852 2166 912 2250 sni,
928 2167 1044 2232 Petras
1060 2162 1226 2249 videlieet,

104 2281 139 2342 ct
153 2273 333 2342 Ladialans
351 2295 392 2342 ex
419 2277 602 2345 collacione
618 2277 720 2361 Regis
737 2275 836 2361 Bele,
852 2274 959 2342 felicis
984 2272 1227 2340 recordacionis

104 2383 292 2450 habuerunt
307 2391 341 2450 et
357 2389 538 2466 tennerunt,
555 2377 696 2470 proutin
712 2382 886 2470 priuilegio
901 2381 1007 2469 ipsius
1023 2380 1126 2465 Regis
1147 2379 1228 2447 Bele

103 2491 246 2558 vidimus
262 2492 431 2572 contineri,
449 2493 600 2580 capitulo
617 2493 768 2562 Ecclesie
784 2493 879 2560 Beati
895 2489 1066 2559 Michaelis
1083 2489 1227 2556 Archan-

104 2600 171 2686 geli
188 2601 411 2669 Transilnane
436 2622 496 2688 per
511 2600 678 2686 predictos
694 2604 825 2670 Petram
843 2607 877 2668 et
893 2601 1086 2669 Ladialanm
1102 2617 1163 2684 pro
1179 2617 1228 2664 re·

104 2708 226 2795 medyo
243 2711 426 2777 animarum
443 2729 574 2780 snarnm
583 2711 685 2780 misse
702 2710 868 2795 donatam,
886 2716 918 2775 et
933 2709 1022 2779 idem
1037 2705 1228 2774 Dominicnr

102 2817 291 2905 predictam
309 2817 526 2888 donacionem
539 2820 643 2907 patris
660 2820 721 2888 snb
737 2856 780 2868 -
790 2857 833 2869 -
851 2818 972 2887 iactam
991 2816 1043 2885 sni
1058 2821 1092 2884 et
1107 2833 1228 2882 memo·

101 2917 168 2995 rati
182 2929 294 2998 fratris
311 2929 362 2998 sui
387 2930 519 2998 nomine
535 2939 641 2998 ratam
657 2931 773 2998 habuit
789 2935 822 2997 et
837 2935 1018 3015 acceptam.
1042 2928 1112 2996 Nos
1127 2924 1228 3012 igitur

102 3037 279 3125 perspicue
290 3038 568 3107 consideracionis
578 3039 798 3117 attendentes,
814 3037 901 3123 qnod
918 3055 968 3122 ea,
986 3055 1048 3120 qne
1065 3036 1137 3101 Deo
1154 3051 1228 3101 cnm

102 3149 162 3234 pia
178 3145 362 3217 denocione
371 3147 517 3219 fidelium
533 3157 609 3218 sunt
625 3151 758 3238 collata,
776 3151 890 3237 Regyo
906 3149 1030 3217 debent
1044 3145 1227 3233 patrocinio

100 3257 265 3341 roborari,
276 3277 318 3326 ac
329 3257 488 3328 roborata
504 3262 704 3346 conseruari,
715 3258 931 3328 donacionem
947 3254 1123 3326 eorundem
1138 3253 1228 3322 Petri
1350 3313 1353 3321 .

100 3373 135 3433 et
152 3365 317 3456 Ladialay
333 3387 427 3434 ac-
438 3404 480 3414 -
498 3369 526 3436 is
544 3367 829 3453 descendeneium,
840 3365 905 3454 ipsi
922 3363 1074 3452 Capitale
1090 3363 1227 3432 Albensi

101 3477 202 3560 iuste,
219 3480 255 3540 nt
270 3475 488 3563 premisimus,
500 3483 533 3544 et
549 3474 695 3562 legitime
711 3477 846 3563 factam,
862 3475 907 3544 ad
917 3473 1113 3542 instanciam
1129 3475 1226 3556 etpe-

99 3585 258 3654 tioionem
281 3583 428 3670 ejusdem
454 3585 596 3672 Capituli
622 3587 819 3655 anctoritate
836 3623 877 3634 -
893 3617 937 3632 -
953 3603 986 3650 m
1002 3603 1043 3652 ex
1059 3593 1149 3650 certa
1164 3581 1225 3648 soi-

99 3692 201 3762 encia
217 3691 371 3764 duximus
396 3693 662 3763 confirmandam.
689 3695 728 3761 ln
744 3695 839 3781 cujus
855 3691 902 3759 rei
918 3689 1108 3759 memoriam
1129 3689 1226 3756 firmi·

100 3795 275 3886 taten'rqne
290 3809 483 3890 perpetuam
507 3807 678 3887 presentes
704 3801 925 3870 concessimus
940 3798 1069 3865 litteras
1085 3793 1226 3882 duplicia

98 3908 204 4000 sigilli
221 3908 325 3975 nostri
341 3908 520 3976 munimine
535 3907 717 3976 roboratas.
733 3909 854 3976 Datum
872 3928 931 3996 per
958 3924 1074 3974 manns
1089 3923 1225 3974 venera-

98 4017 179 4086 bilia
196 4015 302 4102 patris
317 4013 441 4086 domini
457 4013 620 4084 Theodori
644 4016 707 4085 Dei
723 4020 836 4102 gracia
852 4015 1011 4104 Episcopi
1026 4012 1225 4092 Janriensis,

99 4127 178 4198 aule
201 4133 313 4195 nostre
341 4123 653 4212 Vionanoellarii,
680 4125 793 4194 dilecti
809 4132 843 4194 et
856 4125 965 4194 ridelis
983 4122 1111 4206 nostri,
1138 4140 1223 4189 anno

98 4235 238 4308 Domini
269 4231 491 4303 dcccxxx
524 4227 611 4324 (igy)
629 4234 721 4322 Vl⁰.,
752 4234 849 4300 ΧΙΠο
880 4231 1044 4306 kalendas
1074 4232 1224 4318 Augusti,

97 4347 208 4434 Regni
223 4353 334 4414 autem
350 4343 453 4410 nostri
470 4362 557 4412 anno
573 4349 677 4410 sexto.

100 4541 241 4618 (nouom
254 4539 285 4599 6·
298 4537 477 4610 rimmber,
491 4537 712 4597 Urlrnndenb.n
695 4559 720 4597 a.
739 4535 845 4596 Gesclr.
858 4534 995 4596 Siebenb.
1008 4537 1029 4595 L
1041 4537 1105 4594 ket
1122 4531 1223 4608 196.1.)
