3072 5168
884 381 928 452 64

829 482 991 494 ——.--..-

353 601 413 666 pos
431 579 517 668 (lgy)
531 581 648 650 mentis
666 581 740 648 vina
753 601 845 650 uoce.
863 583 1000 649 Domum
1018 581 1051 644 in
1068 580 1180 646 mortis
1192 577 1328 644 articulo
1344 574 1469 661 procla·

352 690 455 756 manit
487 691 615 776 publice
646 689 890 757 ordinacionem
916 707 974 754 seu
1002 687 1211 754 collacionem
1239 688 1280 754 de
1310 685 1472 770 premissa

349 797 671 882 posscssionel'nrnc
683 795 891 886 vocate(lgy)
902 817 1004 884 penes
1016 796 1153 864 eandem
1164 796 1343 863 Ecclesiam
1356 792 1471 863 Sancti

355 903 541 974 Scluatoris
558 904 590 968 in
607 905 714 972 anime
732 926 789 975 suc
807 913 839 971 et
855 925 985 974 suorum
1003 910 1173 990 parcntnm
1193 903 1384 987 suffragium
1399 921 1472 986 per·

352 1021 451 1098 petuo
468 1033 652 1094 remanere,
670 1015 816 1082 eiusdem
835 1014 1058 1100 possessionis
1069 1013 1215 1080 dominio
1232 1013 1275 1078 ad
1291 1013 1396 1094 ipsam
1416 1011 1472 1074 Ec-

355 1122 491 1188 clesiam
510 1121 623 1190 Sancti
639 1121 821 1190 Saloatoris
842 1143 882 1188 cx
899 1121 931 1187 ui
943 1119 1029 1207 Jnris
1046 1125 1251 1204 patronatus,
1271 1120 1391 1186 nullius
1418 1137 1473 1184 sue

355 1229 567 1314 cognacionis
580 1229 799 1316 participante
811 1231 992 1314 consorcia,
1003 1228 1191 1315 specialiter
1208 1235 1241 1296 ct
1249 1227 1474 1315 principaliter

355 1337 522 1404 deuoluto.
541 1339 610 1404 Nos
637 1339 746 1422 itaque
764 1340 880 1406 littoris
903 1338 1051 1404 omnibns
1069 1345 1101 1402 et
1118 1337 1334 1418 munimentis,
1352 1342 1388 1400 ut
1405 1355 1472 1421 pre·

358 1445 516 1524 misimus,
532 1445 685 1530 perlectis
711 1448 743 1512 in
761 1448 864 1514 nostri
890 1446 1061 1532 presencia
1084 1453 1117 1510 et
1136 1445 1265 1529 plenius
1290 1443 1472 1524 intellectis,

356 1553 495 1620 cundem
513 1555 703 1639 magistrum
723 1556 818 1622 Haab
836 1556 1041 1641 Propositum
1059 1561 1093 1619 et
1110 1555 1226 1622 iratres
1237 1571 1326 1636 suos,
1344 1551 1473 1638 Capitu-

356 1661 423 1729 lum
449 1661 606 1727 videlicet
632 1663 779 1730 Ecclesie
796 1663 1008 1732 Posoniensis
1026 1663 1059 1728 in
1076 1661 1277 1745 corporalem
1297 1661 1473 1747 possessio
1520 1691 1521 1698 κ

358 1789 432 1837 nem
448 1769 595 1836 eiusdem
611 1769 719 1836 Turne
736 1791 774 1838 ao
798 1773 1033 1857 pertinencium
1055 1770 1098 1838 ad
1115 1769 1253 1836 eandem
1271 1788 1329 1854 per
1345 1771 1472 1835 Petrum

357 1879 574 1963 presbiterum
601 1876 730 1946 fidelem
747 1879 962 1964 Capellanum
983 1883 1188 1960 nostramet
1207 1897 1265 1962 per
1283 1877 1359 1965 Vyd
1375 1875 1473 1944 filiun

357 1985 494 2054 Comitis
520 1986 625 2054 (leeth
650 1985 691 2053 de
708 1987 860 2070 Spaocha
885 1983 1080 2053 familiarem
1097 1991 1242 2054 nostrum
1259 1987 1414 2053 duximus
1430 1987 1473 2051 in·
1521 2059 1522 2064 ,

358 2093 538 2162 ducendos.
568 2093 689 2162 Datum
715 2095 872 2181 Strigonij
890 2113 977 2162 anno
993 2093 1125 2161 Domini
1151 2092 1201 2160 lll⁰
1217 2092 1287 2160 00⁰
1304 2093 1474 2162 LXXXX⁰
1521 2143 1522 2146 ,

361 2203 507 2270 secundo
524 2203 557 2270 in
573 2202 657 2272 festo
674 2202 913 2270 Purificationis
929 2204 1032 2269 Beate
1050 2201 1200 2288 Virginis.

364 2395 498 2470 (Hartya.
512 2397 654 2471 Hltuljan
667 2416 685 2453 a
697 2415 775 2470 nagy
788 2397 946 2471 pecsdtnclr
959 2399 1025 2472 (sig.
1040 2397 1195 2467 Maiestat.)
1210 2415 1323 2469 nyoma.
1337 2397 1473 2468 Pozsonp·
1522 2351 1523 2384 ἶ

443 2487 594 2560 lriptalaui
608 2487 843 2560 maganloveltlr
857 2487 954 2560 (lapsa
968 2489 999 2546 0.
1013 2489 1095 2546 Fasc.
1109 2489 1134 2546 4.
1148 2489 1216 2546 Nro.
1230 2490 1273 2544 36.
1291 2491 1410 2558 lincea.)

1523 2576 1524 2638 l
