3072 5168
64 1181 183 1268 uyocy
201 1177 339 1264 usuros,
377 1179 469 1246 Vero
494 1179 587 1246 Puer
612 1182 643 1245 o
659 1147 762 1266 spor,
779 1180 1046 1267 nemorosas,
1072 1183 1187 1270 Pauap

70 1290 188 1353 Tomos
204 1285 253 1373 (l)
278 1292 309 1353 o
324 1287 407 1353 de
423 1289 541 1354 Miletos
556 1291 812 1376 pozsouyrusqyeo'
834 1287 972 1354 uomesok
991 1311 1012 1351 o
1032 1292 1186 1376 pozsoopi

63 1397 219 1485 triptotum
234 1398 352 1461 riszere
380 1397 588 1463 lemoodanak
618 1397 721 1461 Ttlrrto
740 1396 866 1482 moskep
892 1393 1106 1481 Ooolorfoloo
1121 1397 1182 1462 tir·
1286 1382 1287 1385 ¹
1388 1354 1390 1358 -

214 1503 338 1570 lokhozi
352 1505 519 1590 jopoikrol
535 1527 557 1569 o
566 1506 656 1592 pytte·
671 1504 825 1594 kdptolon
840 1503 920 1571 elt'r'tt.
944 1505 1042 1570 1292.

168 1736 240 1803 Nos
264 1732 450 1822 capitulum
476 1735 626 1806 Eoolssie
655 1734 839 1804 Jsuriensis
865 1731 1085 1818 significamus
1115 1737 1184 1804 vni·

65 1843 178 1931 uersis,
195 1845 315 1930 quibus
332 1843 468 1930 expedit
487 1843 695 1928 presenoium
711 1862 769 1928 per
785 1851 942 1925 tenorem,
960 1843 1047 1926 quod
1065 1847 1183 1914 eonsti-

66 1955 140 2022 tntis
155 1954 190 2020 in
206 1953 313 2022 nostri
327 1970 500 2038 presenors
516 1953 654 2020 Nieoluo
671 1951 738 2018 filio
753 1953 893 2022 stnks
908 1949 950 2020 de
965 1950 1071 2037 Neek,
1089 1953 1182 2021 Petro

66 2063 156 2146 Rufo,
172 2062 322 2147 Lepoldo
332 2059 584 2147 filijsDominioi
601 2065 634 2129 st
650 2057 776 2128 Choma
793 2057 864 2148 (lgy
875 2060 1042 2146 joformtn
1053 2057 1181 2128 Thomu

67 2169 205 2258 helyett)
222 2171 265 2238 de
279 2169 386 2255 Pulso,
403 2189 445 2237 ao
469 2167 608 2237 Nieolso
624 2168 713 2236 dioto
728 2171 820 2250 de,
843 2168 1006 2237 nobilibus
1021 2167 1063 2234 de
1079 2169 1185 2238 (iomi-

68 2287 135 2348 tatu
161 2279 374 2350 Posoniensis
400 2298 441 2347 ex
466 2297 532 2345 vna
547 2284 662 2365 perte,
688 2285 721 2345 et
740 2277 905 2362 magistris
924 2279 1104 2347 Laureneio
1122 2278 1182 2344 Ou-

70 2391 153 2457 stode
183 2389 334 2480 Euelesio
358 2386 571 2457 Posonionsis
596 2404 636 2453 ao
667 2385 802 2456 Andron
825 2387 974 2469 Nomio,
1008 2387 1181 2457 Oanoniois

69 2495 208 2566 eiusdem
233 2495 385 2566 Euolesie
408 2493 618 2566 Posoniensis
642 2495 772 2562 nomine
797 2505 830 2563 et
863 2497 936 2563 viee
957 2495 1120 2582 Propositi
1143 2517 1184 2565 so

70 2605 206 2690 Capituli
222 2608 370 2676 Eoolesie
395 2606 606 2675 Posoniensis
623 2626 663 2674 ex
678 2612 777 2692 purte
793 2605 920 2684 altero,
935 2601 1035 2694 ijdem
1051 2606 1179 2676 nobiles

70 2715 195 2784 orseulo
212 2715 288 2782 vine
303 2717 395 2785 uoeis
407 2717 622 2786 eoramnobis
636 2722 713 2785 sunt
731 2717 885 2802 confessi,
902 2717 990 2801 quod
1005 2717 1084 2787 lieet
1099 2720 1184 2786 inter

71 2824 162 2909 ipsos,
182 2832 215 2892 et
232 2825 439 2914 Propositum
464 2845 504 2892 ao
521 2825 709 2910 Capitulum
726 2831 925 2895 memoratos
942 2844 1040 2913 super
1055 2844 1184 2913 posses-

71 2933 155 3001 sione
181 2934 301 3002 Turne
328 2952 386 3002 sen
406 2932 634 3004 (lhuksrfslns
661 2939 869 3022 nuncupata,
896 2933 1045 3003 Euolesie
1069 2935 1184 3003 Sancti

74 3041 250 3110 Seloutoris
277 3041 318 3108 de
334 3043 441 3109 Poson
465 3063 524 3128 per
540 3041 725 3111 iohannem
748 3041 848 3109 filium
864 3041 952 3108 Petri
967 3042 1001 3108 in
1016 3039 1086 3110 vits
1101 3043 1135 3107 et
1149 3040 1183 3110 in

74 3155 167 3216 morto
182 3149 312 3219 oollats
327 3151 504 3218 alteresoio
523 3150 664 3236 quedam
681 3155 714 3217 st
729 3148 832 3217 uerba
849 3142 1101 3232 meminissent,
1119 3145 1183 3236 ipsi

72 3264 169 3328 tomen
187 3266 326 3348 propter
341 3259 461 3326 bonum
485 3259 579 3346 pnois
607 3265 641 3326 et
665 3258 794 3326 iustioie
813 3278 854 3326 ae
870 3256 1068 3343 premiorum
1084 3253 1182 3325 intui·
1203 3343 1205 3348 ,

74 3371 133 3432 tom
149 3374 346 3455 eternorum,
363 3367 452 3436 omni
466 3367 692 3454 altercationi,
710 3365 939 3447 controuersie,
958 3364 1008 3431 liti
1020 3362 1136 3449 stimi,
1153 3365 1182 3432 si

75 3492 128 3558 qne
144 3475 227 3546 torte
240 3478 288 3544 eis
298 3477 332 3544 in
341 3476 415 3562 ipss
423 3475 636 3562 possessione
651 3476 771 3544 Twrne
787 3472 956 3540 nominate
972 3491 1013 3537 ex
1029 3489 1078 3553 eo,
1096 3469 1183 3556 quod

75 3581 128 3664 ipsi
143 3582 182 3651 de
192 3586 414 3672 genersoione
430 3583 597 3669 quondum
614 3583 748 3652 Comitis
765 3581 907 3664 Ohuksr,
924 3579 978 3645 aui
994 3577 1115 3663 prelati
1126 3579 1182 3648 Jo-

75 3686 180 3761 hannis
204 3699 338 3776 essent,
364 3698 584 3777 competeret,
601 3691 731 3758 nomine
747 3709 829 3775 suo,
855 3694 889 3754 et
904 3685 1035 3754 nomine
1055 3704 1096 3752 eo
1110 3685 1183 3756 viee

76 3801 200 3869 omnium
217 3801 354 3870 fratrum
379 3808 413 3870 et
438 3810 651 3886 cognatorum
666 3817 795 3868 suorum
822 3796 1000 3865 osssissent
1015 3799 1049 3861 ot
1064 3813 1180 3862 renun-

77 3905 223 3997 elusone,
259 3915 293 3977 et
319 3910 406 3994 quod
430 3907 607 3996 prediotom
634 3905 818 3978 Eoelesium
846 3901 962 3974 Sancti
987 3901 1180 3986 saluatoris,

77 4019 103 4080 et
123 4017 187 4088 eius
211 4018 417 4107 Propositum
456 4039 498 4086 so
528 4015 711 4106 Capitulum
736 4015 907 4114 prefatam.
933 4011 1178 4098 possessionem

78 4121 182 4196 'luins
190 4180 200 4217 ,
216 4147 278 4196 seu
293 4125 517 4197 Chnkurfuluo
541 4127 664 4195 dietam
679 4130 801 4207 tenere,
818 4121 941 4189 hebere
958 4125 991 4186 et
1006 4117 1180 4208 possidere

78 4231 276 4320 reliquissent
289 4236 426 4326 pueifiee
442 4242 475 4303 st
500 4233 712 4303 dimisissent.
729 4231 767 4298 In
784 4229 876 4298 ouius
896 4229 943 4296 rei
959 4225 1183 4296 testimouium

80 4338 296 4416 stirmitatem
321 4349 495 4432 presentes
519 4343 563 4412 ad
587 4341 784 4427 peticionem
809 4345 1018 4425 utrorumque
1033 4336 1183 4424 paroinm

78 4449 282 4531 predietarum
292 4461 403 4522 nostro
419 4455 554 4522 feoimus
572 4453 681 4540 sigillo
699 4449 888 4519 communiri
904 4455 938 4515 st
954 4446 1079 4514 eisdem
1095 4445 1182 4513 Lou-

80 4559 173 4630 reneio
187 4562 324 4634 Custodi
341 4569 374 4630 ot
389 4562 547 4649 magistro
562 4559 694 4629 Andree
708 4557 884 4648 assignari.
900 4555 1021 4628 Datum
1035 4551 1180 4628 seeundo
