3094 5168
617 357 770 458 Q

137 549 275 638 edificijs
291 552 325 618 in
341 553 486 624 claustro
502 552 684 641 iaciendis,
709 555 765 622 vel
782 575 841 642 pro
857 557 1037 627 reficiendo
1053 560 1258 629 llonasterio

134 680 174 728 ac
190 661 361 728 domorum
375 662 411 728 in
428 663 574 732 clanstro
586 663 803 733 existenoinm
812 664 1023 752 indiguerint,
1046 666 1183 738 liberam
1198 668 1257 736 ba·

134 768 235 836 boant
250 768 464 858 facultatem,
492 770 660 840 incidendi
675 771 768 858 ligna
780 773 814 840 in
830 775 928 860 syloa
944 775 1073 858 Loalre,
1091 783 1125 842 et
1140 797 1257 864 orpor·

133 876 223 942 tandi
239 877 310 945 sine
334 880 447 963 aliquo
472 879 705 965 impedimento
730 881 995 966 quociesonnqne
1019 883 1193 954 voluerint.
1218 885 1258 952 In

133 984 226 1052 cuins
242 985 292 1054 rei
308 987 499 1056 memoriam
516 993 549 1053 et
564 996 755 1075 perpetuam
772 990 981 1074 firmitatem,
1007 989 1094 1060 hano
1120 997 1257 1076 cartam,

132 1094 250 1162 seriem
267 1097 526 1182 permutacionis
542 1099 776 1180 continentem,
797 1099 909 1184 sigillo
926 1105 1057 1183 nostro,
1083 1097 1207 1168 Abbati
1223 1105 1258 1168 et

133 1201 335 1270 llonaslorio
352 1205 502 1290 sepefato
519 1205 638 1273 damus
649 1213 683 1275 st
697 1204 858 1276 tradimus
874 1206 1114 1288 consignatam.
1130 1208 1253 1275 Datum

133 1311 165 1377 in
180 1311 328 1381 Klnsnar
345 1311 379 1380 in
394 1315 479 1384 testo
494 1315 722 1384 sxaltacionis
739 1315 861 1384 Sancte
876 1315 1000 1401 Orncis,
1018 1336 1107 1385 anno
1123 1316 1258 1386 Domini

131 1419 188 1486 bll-
204 1421 288 1492 00⁰.
304 1422 521 1507 nonagesimo
544 1443 643 1494 nono.

347 1634 488 1708 (Teutscb
500 1635 532 1694 ds
546 1635 711 1696 Fimhaber
721 1637 761 1696 id.
774 1655 813 1696 m.
825 1637 847 1696 l.
860 1637 921 1697 ket.
934 1637 996 1697 210.
1009 1637 1041 1711 l.)

566 1961 821 1978 W

646 2525 721 2593 ul.

127 2735 242 2802 casalo
257 2737 378 2825 adopt
401 2738 502 2828 nojdo
518 2740 617 2806 annal
634 2739 769 2827 sotptdo
788 2742 912 2807 kiodott
927 2741 1060 2806 iktatdaa'
1075 2762 1250 2828 percaeca.

641 2851 739 2916 1299.

241 3045 368 3114 Amicis
394 3047 463 3115 suis
488 3047 680 3118 reverendis
706 3043 893 3115 honorabili
918 3043 1073 3132 sapitulo
1100 3045 1249 3114 lloclesis

124 3152 361 3222 Transsiluane
386 3155 565 3225 Ladizlaus
592 3155 770 3244 Woyuoda
787 3153 1046 3224 Transsilnanua
1072 3159 1105 3220 et
1130 3154 1248 3223 Oomes

124 3260 165 3326 tle
180 3261 300 3330 Zonnk
325 3263 510 3330 amiciciam
534 3271 689 3352 paratam
706 3283 780 3330 cum
795 3263 932 3330 honore.
958 3262 1047 3329 Dicit
1062 3262 1158 3329 nobis
1174 3259 1248 3329 reli·

124 3369 236 3454 giosns
252 3369 303 3436 vir
318 3369 421 3437 frater
429 3371 577 3440 Lazarus
587 3371 702 3441 Abbas
714 3371 756 3438 de
767 3371 1047 3454 (lolusmonnstra,
1065 3367 1247 3454 quodipse‚

123 3477 155 3542 in
171 3476 353 3546 dominium
379 3479 548 3548 cuiusdam
573 3480 794 3567 possessionis
819 3498 879 3547 sne
903 3477 1104 3562 Bogartellre
1129 3481 1247 3546 nocato

122 3584 155 3650 in
172 3585 340 3654 comitatu
364 3587 406 3654 de
422 3589 500 3658 clus
527 3588 712 3673 existentis,
738 3609 797 3674 per
814 3585 1038 3656 venerabilem
1064 3585 1097 3651 in
1117 3584 1248 3654 Christo

120 3700 250 3780 patrem
267 3693 433 3763 dominum
447 3699 581 3764 Petrum
597 3696 819 3784 Episcopum,
845 3695 1013 3762 dominnm
1030 3699 1063 3760 et
1082 3691 1248 3762 Prelatnm

121 3807 270 3869 vestrum
286 3802 320 3867 in
336 3801 442 3872 forma
459 3804 713 3889 composicionis
730 3805 764 3871 in
784 3801 1009 3872 concambium
1024 3801 1248 3887 possessionis

120 3911 345 4000 Sendgynrgh
361 3919 396 3980 et
410 3915 495 3982 silue
506 3917 616 3984 Larke
632 3921 824 3985 vocatarum
841 3912 953 3982 sibiet
968 3931 1028 3980 suo
1044 3912 1245 3978 Monastorio

119 4017 359 4106 perpetualiter
386 4019 473 4105 (late,
500 4021 647 4105 legitime
672 4022 773 4088 vellet
790 4018 946 4102 introire,
972 4020 1000 4085 si
1027 4015 1247 4087 contradioolo

120 4127 305 4212 cuiuspiam
322 4127 387 4195 sibi
403 4149 471 4197 non
487 4129 638 4196 obviaret
653 4129 686 4194 in
700 4127 763 4197 hac
779 4133 887 4214 parte.
909 4129 1014 4212 Super
1027 4145 1090 4209 qno
1100 4131 1247 4194 uestram

120 4235 311 4306 amiciciam
337 4238 543 4324 presentibus
569 4239 764 4323 requirimus
781 4245 991 4321 reuerentes,
1013 4240 1176 4318 qnatenus
1191 4252 1246 4302 ve·

118 4353 222 4412 strum
241 4347 379 4414 mittatis
397 4346 561 4412 hominem
587 4367 646 4432 pro
663 4347 850 4414 testimonio
875 4343 1077 4428 fidedignnm
1098 4358 1160 4424 quo
1174 4357 1246 4426 pre·

119 4459 215 4521 sente
232 4452 402 4540 Nyoolaus
417 4454 471 4522 vel
496 4452 669 4522 Jobannos
685 4451 815 4522 nobiles
832 4451 873 4520 de
888 4456 1000 4537 Mora,
1017 4455 1074 4516 ant
1088 4445 1247 4531 Magister

118 4560 291 4649 Nycolans
317 4559 401 4628 chol
430 4561 538 4630 dictus
565 4562 607 4630 de
631 4559 910 4649 Zanthmyheltek
942 4558 1021 4644 alijs
1052 4553 1247 4624 absentibus

119 4667 216 4742 bomo
242 4676 367 4755 nostor,
390 4669 601 4762 presentibus
626 4669 743 4741 vicinis
766 4675 800 4741 et
824 4666 1063 4740 commetaneis
1091 4663 1241 4753 predicte
