3094 5168
614 965 689 1032 123.

94 1169 112 1228 Ι
115 1166 157 1229 ii.
170 1165 277 1228 Errdre
287 1163 393 1249 lrirdly
404 1164 533 1227 iktctcim'
537 1171 699 1250 pirrumeeu
711 1188 729 1226 α
743 1165 905 1248 szeyazcird
915 1163 1111 1248 innuentia,
1131 1164 1209 1248 hopp

168 1274 258 1338 Baua
266 1273 330 1356 fiai
346 1272 594 1357 Epeuzuraaaalu
611 1271 777 1335 birtoicdba
796 1271 1023 1336 ilttctuaacmck.
1042 1273 1141 1336 1298.

197 1472 351 1539 Andreas
369 1471 429 1536 Dei
445 1475 557 1554 gracia
573 1473 642 1538 Rex
661 1471 828 1562 Huugarie
840 1471 991 1538 fidelibus
1011 1471 1080 1536 suis
1089 1468 1210 1536 Abbati

91 1589 123 1645 et
137 1579 324 1648 concentui
342 1578 558 1646 Saxardieusi
576 1581 711 1648 salutem
730 1591 762 1647 et
779 1582 935 1668 graciam.
952 1579 1131 1660 Johannes,
1148 1578 1211 1642 Ro·

91 1687 213 1755 laudus
227 1695 260 1754 et
275 1690 396 1754 Paulus
413 1686 471 1774 fiiij
488 1688 587 1772 Baas,
605 1688 736 1756 nobiles
752 1693 793 1758 de
809 1691 972 1759 Comitatu
983 1686 1150 1766 Tolnensi,
1167 1685 1210 1750 ad

90 1807 236 1865 nostram
252 1806 461 1864 accesserunt
476 1798 690 1882 presenciam,
709 1801 874 1881 quandam
887 1806 1007 1863 terram
1018 1795 1212 1878 Reginaiem

93 1905 284 1992 Egeuaaraz
301 1917 450 1972 uocatam
469 1908 501 1971 iu
513 1907 843 1974 (inmitatu'ioineasi
860 1907 1052 1972 existentem
1072 1921 1211 1969 uacuam

92 2021 125 2080 et
138 2011 383 2081 habitatoribus
399 2014 611 2097 destitutam,
629 2023 666 2082 ut
682 2015 853 2096 diruerunt,
880 2035 901 2080 a
918 2013 1013 2079 uobis
1030 2013 1214 2097 petiueruut

93 2121 156 2188 sibi
173 2121 257 2188 dari.
275 2121 317 2186 Et
333 2122 411 2205 quia
435 2124 531 2188 nobis
548 2122 590 2187 de
615 2126 690 2209 ipsa
706 2131 794 2190 terra
813 2145 876 2188 non
896 2129 1035 2204 constat,
1064 2119 1215 2188 fidelitati

93 2236 203 2296 uestre
219 2230 440 2316 precipientes
463 2232 680 2316 mandamus,
706 2240 870 2314 qnatenus
887 2231 1023 2299 mittatis
1049 2229 1213 2296 hominem

93 2343 240 2404 uestrum
256 2339 408 2406 idoneum
424 2357 484 2423 pro
494 2339 694 2422 testimonio,
712 2359 822 2407 coram
833 2359 897 2423 quo
915 2342 1110 2424 Lampertus
1125 2336 1213 2403 tilius

92 2447 188 2533 moyn
204 2447 246 2512 de
262 2444 355 2512 Duus
370 2446 467 2511 homo
484 2453 595 2512 noster
612 2446 753 2514 accedat
763 2467 861 2532 super
877 2445 997 2512 faciem
1014 2443 1101 2512 dicte
1117 2451 1213 2525 terre,

93 2555 286 2622 conuocatis
304 2556 528 2621 eoumetanoia
554 2565 587 2620 et
603 2555 720 2621 uicinis
736 2574 795 2641 per
811 2564 939 2622 ueteres
963 2562 1070 2624 metas
1086 2560 1119 2620 ct
1135 2551 1217 2620 anti·

92 2683 176 2746 quas
191 2663 432 2732 reambulando
450 2669 577 2729 statuat
592 2663 671 2748 fiiijs
688 2663 776 2728 Baas
793 2662 992 2747 antedictis,
1020 2663 1048 2730 si
1065 2682 1129 2731 nnn
1145 2659 1214 2726 fue·

92 2771 135 2837 rit
151 2769 411 2850 contradictum,
438 2769 698 2836 contradictores
714 2787 813 2846 uero,
830 2770 859 2834 si
875 2769 930 2852 qui
948 2768 1076 2850 fuerint,
1097 2767 1141 2833 ad
1158 2788 1214 2835 no·

92 2885 193 2946 stram
213 2879 293 2942 citet
318 2879 524 2960 presenciam
551 2879 595 2945 ad
612 2877 784 2944 terminum
809 2883 1057 2963 competentem.
1082 2878 1124 2942 Et
1141 2885 1216 2962 post

92 2984 152 3050 hec
170 2985 363 3068 qualitatem
381 2991 412 3051 et
423 2986 639 3067 quantitatem
656 2985 761 3070 ipsius
772 2991 868 3071 terre,
885 2985 1019 3050 uomina
1035 2983 1216 3052 contradic-

94 3103 218 3175 torum,
235 3091 324 3160 diem
341 3093 531 3174 citaciouis,
549 3100 581 3158 et
598 3093 768 3160 terminum
785 3093 881 3159 uobis
901 3092 1041 3160 fideliter
1057 3093 1216 3160 rescriba-

96 3203 146 3268 tis.
164 3203 289 3270 Datum
306 3197 396 3267 Bude
414 3201 447 3267 in
464 3201 550 3267 festo
567 3201 676 3272 Sancti
694 3201 794 3286 Regis
812 3201 980 3286 Stephani.

130 3397 169 3467 (A
183 3396 350 3466 szegsadrdi
363 3397 493 3454 kouvent
508 3413 681 3471 ugyanazon
692 3396 738 3454 dvi
748 3396 949 3468 jerentoneuti.
963 3395 1044 3450 senec
1053 3391 1183 3466 micola).

547 3699 764 3720 ψ
