3094 5168
661 231 721 297 181
764 323 768 329 Ι

126 427 234 512 Gnda,
252 429 380 494 Thomu
391 427 567 493 deSanota
578 427 690 511 Onnes,
704 429 816 510 Paulo,
828 427 963 511 Welich,
975 431 1086 496 Mathe
1103 440 1136 498 et
1152 434 1248 514 Gold,

126 535 347 603 seruientibus
365 535 435 600 suis
451 534 496 599 ad
512 535 624 604 uittam
642 555 733 603 suam
750 536 844 602 Zilna
859 544 1011 602 uocatam
1030 541 1165 604 armatis
1182 560 1247 605 ma-

125 646 226 712 nibus
243 645 407 712 ueniendo
425 645 664 726 destruxisset,
693 648 865 729 dampnum
887 644 1139 731 quingentarum
1165 668 1247 712 mar-

127 773 240 818 carum
258 754 290 816 in
308 752 384 838 ipsa
409 753 637 820 destruccione
654 755 758 818 eidem
780 752 947 835 iaciendo,
966 755 1048 819 dnos
1074 756 1177 824 eciam
1192 757 1245 840 jo-

126 862 288 946 bagiones
306 881 400 942 suot,
419 861 546 926 sciticet
568 861 698 942 Petrik,
727 871 759 924 ct
779 859 908 926 Enchik
926 869 1059 928 uocatos
1085 865 1117 929 in
1135 863 1248 930 eadem

125 971 208 1036 nilla
225 970 438 1055 captiuasset,
451 970 701 1054 captivatosqnc
718 989 826 1035 secum
840 969 1041 1055 abduxisset,
1053 969 1158 1038 occidi
1176 991 1246 1040 eos·

127 1078 205 1145 dem
222 1075 396 1162 iaciend03
413 1076 534 1144 adiecit
551 1077 665 1158 eciam,
684 1076 768 1158 qnod
786 1077 818 1142 in
836 1077 979 1144 erastino
998 1076 1084 1143 facta
1105 1079 1234 1146 destruc

126 1187 226 1253 cione
243 1184 344 1270 inem
362 1181 467 1268 (iuda,
484 1183 641 1263 Thomas,
657 1186 800 1270 Paulus,
818 1184 964 1266 Welich,
987 1185 1097 1250 Mathe
1114 1193 1147 1252 et
1163 1185 1249 1253 Gold

127 1301 342 1378 reuertentes,
361 1297 486 1372 omnio,
507 1295 617 1378 quein
635 1296 707 1380 ipsa
725 1293 804 1361 nilla
824 1303 900 1381 post
926 1295 1180 1364 destruccionem
1197 1315 1248 1363 eo-

125 1405 275 1472 rumdem
293 1409 528 1486 remanserant,
546 1402 706 1468 uiolenter
716 1400 904 1486 recipiendo
921 1403 1145 1470 abstulissent.
1165 1403 1249 1470 Con-

126 1521 179 1582 tra
195 1532 293 1596 qucm
309 1510 397 1577 idem
408 1509 524 1579 Comes
536 1511 722 1595 Stephanus
733 1511 945 1595 respondens,
963 1511 1072 1576 omnia
1088 1511 1250 1595 premissa

126 1641 162 1689 se
179 1621 301 1688 iecisse
326 1619 521 1703 denegabit,
548 1625 685 1706 excepto
702 1639 759 1701 eo,
786 1618 871 1702 quod
888 1619 1008 1685 dixerit
1031 1639 1129 1705 super
1145 1627 1249 1688 morte

125 1729 268 1816 predicti
292 1729 407 1794 Petrik
433 1749 470 1792 sc
496 1727 626 1794 omnino
652 1727 883 1795 concordasse.
911 1729 980 1793 Nos
1005 1727 1102 1810 igitur
1127 1727 1248 1795 auditis

125 1837 278 1923 parcium
288 1836 568 1922 proposioionibns
583 1834 796 1919 decreuimns,
815 1835 899 1920 quod
910 1835 993 1903 idem
1006 1835 1124 1902 Comes
1136 1837 1249 1902 Bither

126 1947 159 2012 in
177 1944 305 2013 octenis
323 1943 436 2010 Sancti
453 1944 583 2012 Martini
609 1963 717 2010 corum
736 1943 886 2026 Capitnlo
903 1942 1122 2027 Strigoniensi
1139 1944 1248 2012 accio-

126 2073 200 2120 nem
219 2071 311 2120 suam
328 2051 688 2137 prehabitomtestibus
707 2049 828 2117 debeat
840 2052 1052 2135 conprobare,
1074 2058 1106 2116 et
1121 2071 1248 2118 rursum

127 2162 243 2246 quinto
270 2161 396 2229 decimo
422 2160 513 2226 diea
538 2157 755 2244 prodnocione
781 2161 910 2226 testium
930 2167 1041 2244 partes
1069 2181 1178 2228 coram
1194 2183 1248 2230 uo·

126 2273 178 2338 bis
195 2270 451 2354 comparebunt,
478 2269 609 2335 nomina
626 2276 659 2332 et
675 2268 765 2336 dicta
782 2268 910 2334 testium
938 2288 1069 2336 suorum
1089 2269 1173 2336 idem
1191 2269 1250 2337 Oo-

126 2401 197 2448 mes
215 2381 331 2448 Bither
348 2381 378 2446 io
397 2380 516 2448 litteris
542 2381 690 2446 eiusdem
708 2379 851 2464 Capituli
868 2398 977 2446 coram
1003 2381 1097 2446 nobis
1116 2379 1249 2447 exhibe·

126 2488 183 2572 bit,
201 2495 236 2554 et
253 2488 369 2555 eodem
397 2487 451 2554 die
468 2487 555 2552 idem
573 2487 690 2553 Comes
716 2487 904 2571 Stephanus
931 2488 1099 2555 exhibebit
1122 2487 1250 2556 litteras

127 2617 217 2684 suas,
238 2597 266 2662 si
283 2615 364 2680 quas
380 2596 481 2664 habet
504 2615 603 2683 super
620 2617 678 2679 eo,
707 2596 795 2678 quod
811 2615 910 2680 super
925 2601 1029 2664 morte
1045 2596 1158 2664 Petrik
1175 2617 1249 2664 eon-

126 2706 319 2788 cordasset,
348 2726 420 2772 cnm
437 2703 562 2772 Comite
581 2704 691 2770 Bither
716 2710 750 2769 ct
766 2723 837 2772 cum
863 2702 1064 2788 aduersarijs
1091 2705 1248 2789 eiusdem,

127 2817 248 2898 quibus
264 2813 417 2879 exhibitis
429 2813 510 2878 inter
527 2814 615 2898 ipsos
627 2813 850 2879 decernemus.
870 2810 989 2878 Datum
1001 2810 1091 2877 Bude
1107 2815 1141 2879 in
1158 2814 1248 2896 quin-

129 2923 216 2990 dena
235 2920 348 2990 Sancti
365 2921 465 3005 Regis
483 2921 651 3005 Stephani.

237 3085 345 3152 Jeppzet.
366 3080 564 3151 Bb'rhdrtydra
578 3079 645 3136 irott
665 3081 726 3136 zdrt
739 3079 831 3150 levet,
852 3083 986 3154 inelynek
998 3081 1148 3150 hehaJtott
1166 3078 1248 3153 vege,

128 3174 236 3231 anubin
257 3173 332 3243 eleje
350 3171 499 3229 fcktetudn
520 3172 690 3247 egymdsra,
714 3175 792 3229 mind
812 3191 830 3229 a
848 3171 947 3230 hirom
966 3173 1084 3246 retegen
1103 3172 1249 3228 keresztiil

127 3273 197 3322 nont
209 3261 436 3335 hdrtyakiitclelr
450 3262 511 3319 mar
531 3262 654 3338 egdsnen
668 3263 770 3332 elttint,
784 3263 874 3319 irerek
892 3261 1034 3334 pccsdttel
1053 3263 1114 3319 volt
1123 3261 1248 3333 lepecse-

127 3356 212 3414 telve.
225 3355 365 3411 Hdtirata
379 3373 433 3410 ez:
453 3373 505 3427 pro
520 3353 630 3412 (inmite
651 3353 795 3428 Stephano
815 3361 915 3412 contro
934 3353 1072 3410 Comitem
1092 3352 1201 3411 Bither.
1221 3354 1247 3409 Α

125 3445 235 3504 kekkti
249 3443 430 3504 levdltdrbau
445 3481 453 3488 -
466 3445 550 3502 Fano.
566 3449 589 3500 1.
605 3445 673 3502 Nro.
687 3445 711 3500 3.
732 3434 826 3518 ἐτᾶς.)
