3072 5168
588 287 716 390 E...

53 489 211 569 optento
226 481 465 570 possessionis,
480 485 628 572 prefatos
643 483 814 568 Niooleos,
835 483 936 554 aliern
950 501 1029 553 noro
1044 481 1191 552 dimidie·

48 598 172 660 satem
198 598 391 678 prenotatos
406 589 555 662 Minoae}
579 611 651 661 oum
667 594 737 662 onis
761 593 917 662 iratribus
940 593 1061 662 debent
1085 592 1190 679 possi·

51 698 158 766 dere.
188 699 228 767 ln
243 697 335 766 ouius
352 699 401 766 rei
427 703 616 770 memoriam
632 705 802 786 presentes
826 700 1047 771 oonoessimus
1061 699 1191 770 litters·

52 807 177 896 sigilli
194 805 488 880 nostrimonimine
498 811 679 882 roboratos.
694 807 814 878 Datum
826 829 913 880 enno
923 808 1053 878 Domini
1062 807 1112 876 M·
1121 805 1192 881 00⁶

55 911 288 1002 nonogesimo
306 919 465 988 seeundo.

61 1291 210 1367 (Hsrrya.
223 1291 355 1350 Nsmzeti
368 1293 451 1351 eninii
464 1297 602 1369 zeinegen
615 1291 687 1366 fogg
699 1309 735 1349 sn
744 1293 893 1350 ismeretes
903 1291 934 1350 es
944 1291 1009 1365 meg
1021 1291 1086 1366 eleg
1099 1293 1135 1382 o'p
1148 1311 1196 1366 pe·

63 1384 142 1442 eset
156 1383 446 1458 Possonykiptolsni
455 1384 684 1460 meginlevelttr
696 1383 794 1458 (iopes
806 1382 837 1440 G.
847 1383 930 1440 Poso-
941 1386 968 1441 8.
980 1383 1048 1440 Nro.
1056 1385 1100 1441 81.
1112 1385 1196 1456 Epeo

63 1472 122 1548 igy
142 1471 388 1532 kisllitmforool
408 1477 454 1533 eit
467 1493 501 1531 es
520 1475 646 1548 okmimy
668 1474 734 1550 meg
748 1493 784 1532 oz
797 1473 935 1550 orentgos
956 1472 1079 1531 levslssr
1100 1473 1197 1548 (inpos

64 1567 149 1627 XIV.
161 1569 248 1626 Fero.
259 1568 303 1625 20.
317 1566 487 1626 sztmstbnn.
506 1568 590 1626 Azon
602 1567 789 1624 tormessetes
799 1565 1019 1640 kulenbseggeh
1031 1567 1110 1640 hogy
1122 1571 1166 1622 ott
1178 1583 1196 1622 s

218 1655 260 1714 fel
272 1656 307 1715 A
320 1655 354 1713 B.
368 1657 399 1716 C.
419 1658 510 1716 betitk
529 1657 762 1716 shomlokzston
776 1655 919 1716 lethotok.
941 1654 1054 1727 Knosos.)

508 1975 765 1986 —---——-..

619 2559 677 2626 48.

71 2775 265 2866 Apozsooye'
282 2776 441 2864 kdptalzro
459 2775 727 2864 bizooysdpleoele,
746 2775 826 2862 topy
846 2773 1001 2862 Boosolek,
1022 2775 1200 2842 Bethoomk

74 2885 128 2972 sa,
139 2887 172 2952 6⁸
181 2885 315 2952 rokooos'
328 2885 453 2951 Torone
463 2883 665 2954 ctondoloan
675 2883 743 2950 leo&
750 2883 896 2950 birtokok
910 2884 1061 2972 nopyedik
1070 2884 1201 2950 raterii

236 2994 336 3083 Book,
352 2993 521 3080 Msorcifio,
539 2993 707 3060 sedekebeo
726 2991 921 3060 soresmos.
940 2995 1038 3058 1292.

188 3209 359 3278 Vniuersis
376 3209 499 3278 Ghristi
525 3207 677 3278 fidelibus
693 3214 866 3298 presentes
890 3208 1022 3276 litteras
1036 3206 1199 3294 inspeotu·

76 3316 122 3384 ris
144 3313 333 3401 Capitulum
350 3313 500 3385 Eoolosie
515 3315 729 3384 Posoniensis
748 3315 915 3383 orationes
930 3314 964 3381 io
980 3311 1131 3386 Domino.
1149 3315 1200 3384 Ad

80 3425 309 3493 universorum
326 3423 479 3495 noticiam
495 3429 608 3494 tenore
632 3425 838 3510 presencium
853 3425 1000 3493 uolumus
1017 3427 1201 3512 peruenire,

79 3532 172 3618 qnod
198 3532 385 3601 eonstitotis
418 3533 638 3618 personaliter
672 3525 782 3604 eorem
806 3535 902 3604 nobis
927 3532 1105 3603 Benedioto
1133 3535 1201 3604 filio

76 3641 216 3724 Rethos,
233 3638 351 3724 Epidio
366 3639 564 3709 filioJeoobi
579 3661 637 3727 pro
653 3661 691 3710 se
707 3647 740 3708 et
754 3663 813 3729 pro
823 3641 915 3726 Isiph
932 3648 965 3707 et
980 3640 1105 3712 Jaoobo
1120 3642 1199 3728 filijs

77 3747 253 3832 iohannis,
271 3749 420 3832 cognatis
436 3749 516 3833 sois,
534 3755 567 3816 et
582 3748 709 3819 Mathis
724 3747 791 3816 filio
807 3750 899 3817 Reum
916 3747 1065 3818 similiter
1089 3769 1201 3838 prose

78 3863 112 3927 et
127 3875 190 3943 pro
203 3853 369 3924 Damieno
385 3852 511 3922 clerieo
527 3855 630 3924 irotre
646 3875 705 3926 suo
716 3857 759 3925 ab
775 3877 841 3925 ono
855 3862 962 3942 porte,
980 3862 1013 3924 et
1027 3859 1116 3926 Book
1133 3857 1199 3926 filio

78 3964 177 4035 Murri
192 3962 235 4030 de
251 3961 481 4050 uilleLipoldi,
497 3964 541 4032 ab
560 3965 685 4053 altero;
702 3965 790 4033 idem
800 3963 1009 4052 Benediotus,
1019 3964 1200 4052 Egidioset

80 4071 233 4142 Mathies
249 4090 309 4158 pro
333 4091 371 4140 se
387 4078 420 4139 et
436 4092 495 4160 pro
511 4072 673 4160 predictis
697 4073 847 4162 oogootis
872 4073 941 4141 suis
967 4071 1110 4144 ooniesei
1127 4083 1202 4144 sont

83 4183 223 4250 oreonlo
239 4180 314 4248 uine
330 4180 441 4262 vonis,
467 4181 552 4266 quod
567 4181 633 4267 ipsi
649 4181 810 4267 quendem
825 4188 945 4263 torrem
961 4202 1055 4252 susm
1070 4184 1201 4253 Turnus

79 4290 234 4360 chooool
260 4295 423 4378 noestam,
448 4310 488 4359 ex
514 4292 694 4361 doneoione
717 4291 821 4378 Regio
846 4291 1110 4379 progenitoribus
1133 4292 1202 4361 suis

79 4401 157 4470 olim
173 4399 342 4486 collatam,
359 4407 393 4466 et
408 4421 467 4486 per
484 4419 689 4486 oonseqoeos
705 4421 727 4468 e
742 4401 880 4468 Niooloo
898 4398 966 4468 filio
983 4401 1043 4470 Jos
1059 4407 1201 4488 cognato

80 4513 227 4597 ipsorum
243 4506 286 4575 ed
303 4527 360 4577 eos
376 4509 574 4595 desolutum,
591 4510 625 4576 in
643 4517 783 4592 quatuor
798 4515 910 4597 portos
926 4511 1060 4594 equales
1071 4507 1202 4576 diuisis·

79 4627 160 4706 sent,
177 4627 210 4689 et
226 4623 375 4702 qosrtsm
390 4623 517 4706 portem
534 4617 681 4691 eiusdem
706 4617 938 4690 torrosarius
955 4617 1105 4689 Chondol
1127 4637 1199 4688 oum
