3094 5168
601 933 669 996 151.

85 1129 202 1194 svesai
216 1127 374 1214 kdptalan
382 1127 516 1216 judecati,
537 1129 617 1215 bopy
634 1151 655 1190 a
670 1129 957 1196 icitlb'aeacbusztott
972 1140 1003 1194 dt
1028 1132 1199 1200 birtolcrdea

82 1241 157 1302 indat
172 1235 310 1302 lctwodd'
335 1236 455 1300 substet
477 1258 499 1298 a
508 1237 681 1322 partcbedd
690 1235 781 1320 seick
797 1240 922 1324 epyesdy
936 1241 1051 1304 saarim
1071 1235 1198 1306 oldllet·

469 1343 721 1429 cas.1299.jot.
747 1346 801 1408 11.

175 1545 245 1612 Nos
263 1539 446 1626 Capitulum
474 1541 623 1608 Ecclesie
641 1540 825 1609 Waciensis
851 1542 967 1610 damus
988 1563 1048 1630 pro
1074 1565 1195 1614 memo-

82 1651 140 1735 ria3
165 1652 248 1732 quod
277 1669 349 1716 curu
381 1646 559 1716 secundum
587 1645 726 1715 formam
750 1649 935 1716 litterarum
961 1651 1094 1720 comitis
1126 1653 1195 1720 Ste-

82 1759 171 1842 phani
195 1755 416 1826 Viae-Judicis
443 1755 540 1823 (iuria
567 1754 690 1823 domini
716 1757 828 1844 Regis,
845 1757 1005 1826 Nicolaus
1026 1764 1059 1826 et
1074 1758 1197 1828 dohan-

83 1885 132 1933 nes
147 1865 203 1951 filij
230 1865 365 1933 Comitis
381 1867 493 1950 Byter,
510 1886 576 1932 vna
591 1885 663 1929 eum
685 1865 845 1950 Dyonisio
872 1866 994 1950 Magno
1011 1864 1079 1932 filio
1104 1865 1199 1954 duria,

83 1983 110 2040 ct
123 1974 220 2041 altero
237 1971 400 2060 Dyonisio
416 1972 483 2036 filio
500 1971 646 2056 Tiburcij
662 1973 703 2038 de
719 1973 866 2058 Palasth,
884 1971 1094 2060 presentibus
1112 1975 1199 2044 Jurk

80 2082 136 2148 ilio
152 2081 310 2167 Stephani
331 2080 373 2145 de
389 2079 562 2162 Zaiathua‚
588 2097 683 2161 quem
699 2080 758 2164 filij
775 2081 917 2166 predicti
936 2081 1073 2147 Comitis
1097 2083 1199 2168 Byter

83 2189 243 2270 adducent,
261 2195 293 2254 et
311 2187 444 2254 Andrea
469 2187 537 2252 iiiio
564 2189 673 2270 Anisa,
691 2205 787 2269 quem
804 2188 994 2256 Demetrius
1015 2189 1101 2255 iilius
1117 2191 1197 2256 Far·

81 2298 170 2383 kasij,
187 2303 221 2364 et
236 2294 356 2364 Mochk
372 2294 474 2364 frater
491 2314 580 2380 auus,
606 2295 740 2380 Petrus,
758 2295 916 2364 Nicolaus
933 2303 966 2362 et
985 2298 1147 2383 Georgius
1164 2297 1198 2362 ii·

82 2407 112 2490 lij
128 2408 226 2472 Perse
243 2405 409 2472 adducere
426 2403 605 2488 debebant,
624 2417 733 2470 corarn
759 2404 887 2473 duobus
915 2405 1035 2472 nostris
1051 2407 1197 2476 testimo·

82 2515 137 2598 uijo
146 2563 155 2596 ‚
180 2533 238 2598 per
265 2519 377 2596 partes
403 2511 576 2594 adductis,
594 2511 677 2576 feria
694 2521 788 2578 sexta
804 2515 956 2599 proxima
971 2521 1047 2599 pout
1061 2521 1198 2584 octauas

80 2621 263 2689 Natiuitatis
288 2621 403 2688 Sancti
417 2619 580 2688 Johanuis
606 2619 755 2703 Baptinte
781 2625 895 2688 contra
920 2621 1088 2706 predictos
1112 2620 1197 2690 filios

80 2728 221 2813 Farkasij
241 2734 273 2794 et
290 2727 376 2794 filios
393 2727 493 2794 Perse
509 2746 608 2812 super
624 2728 768 2812 quinque
786 2729 937 2814 partibus
961 2749 1021 2796 seu
1037 2729 1198 2813 porcioni-

81 2837 134 2902 bus
149 2845 234 2904 torre
250 2837 292 2904 de
307 2842 396 2902 terra
408 2838 521 2918 Tema,
539 2835 670 2903 nominc
685 2835 765 2903 iuris
781 2837 924 2924 ipsorum
941 2835 1133 2922 hereditarij
1150 2837 1196 2902 iu·

81 2963 153 3029 rare,
168 2945 254 3010 siout
270 2962 340 3010 mos
360 2951 413 3009 est
437 2943 545 3008 iurare
563 2963 660 3029 super
677 2951 784 3023 terra,
810 2945 998 3030 recipiendo
1015 2950 1135 3011 terram
1153 2944 1196 3011 ad

79 3071 184 3118 manus
200 3059 232 3117 et
248 3048 402 3137 ponendo
414 3069 511 3136 super
530 3053 643 3136 capita
659 3071 731 3137 uua,
749 3051 951 3136 debuissent,
968 3053 1042 3138 ipso
1059 3053 1196 3121 termino

80 3159 278 3240 adueniente,
297 3159 445 3242 partibus
463 3179 561 3246 super
578 3159 665 3226 facie
692 3161 796 3248 ipsius
814 3161 959 3244 quinque
986 3160 1194 3246 porcionibus

79 3273 155 3334 terre
166 3265 322 3332 doTema
335 3266 597 3352 conparentibus,
615 3268 700 3334 sicut
717 3269 818 3351 ijdem
835 3268 984 3336 homiues
1000 3267 1124 3334 domiui
1135 3269 1196 3332 Re·

79 3374 133 3459 gis,
148 3375 240 3441 beke
257 3382 290 3440 et
314 3371 515 3441 Laureuciue
532 3376 642 3442 cleriei
660 3375 750 3444 chori
766 3378 872 3443 nostri
888 3397 946 3462 per
963 3384 1076 3462 partes
1093 3374 1195 3441 addu-

82 3482 126 3562 cti,
142 3481 184 3546 ad
199 3500 259 3547 uos
270 3481 406 3566 reuersi,
417 3483 626 3568 presentibus
637 3483 824 3552 Hermanno
841 3483 908 3552 filio
925 3483 1042 3571 Hoym,
1060 3483 1196 3551 officiali

79 3586 229 3654 dictorum
254 3585 393 3652 filiorum
419 3587 555 3654 Comitis
573 3587 696 3672 Byter,
722 3609 781 3676 pro
808 3589 935 3656 eisdem
962 3589 1101 3656 dominis
1126 3590 1195 3658 suis

81 3713 143 3762 cunr
168 3696 404 3782 procuratoriis
425 3695 543 3764 litteris
567 3696 697 3778 uostris,
715 3705 748 3762 et
773 3697 939 3765 Demetrio
955 3697 1021 3763 filio
1038 3695 1194 3784 Farkasij

79 3809 276 3890 dompmea,
295 3822 389 3884 quarn
408 3823 467 3887 pro
492 3805 614 3871 Moebk
640 3805 741 3870 fratrc
758 3825 818 3872 suo
829 3855 837 3889 ‚
865 3808 984 3882 Petro,
1009 3801 1146 3873 Nicolao
1163 3813 1196 3872 et

80 3910 213 3994 Georgio
232 3909 311 3996 iiiije
336 3913 458 3997 Perse,
475 3912 622 3978 similiter
639 3931 710 3981 cum
729 3913 846 3980 litteris
866 3915 987 3981 nostris
1005 3922 1194 3998 procurato·

79 4020 140 4095 riis,
148 4019 243 4087 nobis
261 4020 421 4104 dixerunt,
439 4023 525 4104 quod
536 4043 634 4106 super
649 4021 724 4106 ipso
740 4023 924 4089 iuramento
940 4024 1050 4090 taliter
1067 4042 1196 4088 concor-

79 4125 230 4196 dassent:
256 4137 290 4196 vt
306 4133 517 4214 pretermisso
530 4131 714 4198 iuramento
726 4131 884 4199 dictorum
903 4133 1042 4198 filiorum
1059 4129 1196 4198 Comitis

79 4231 182 4321 Byter,
198 4235 299 4321 ijdem
315 4236 375 4324 filij
387 4238 523 4305 Comitis
533 4243 643 4326 Byter,
656 4239 815 4308 Nicolaus
826 4238 953 4309 scilicet
970 4247 1003 4306 ct
1015 4239 1196 4320 Jchannes,

80 4355 320 4430 assumpserunt
337 4347 465 4416 soluere
481 4349 579 4416 dietis
605 4349 680 4434 filijs
698 4349 864 4438 Farkasij,
884 4357 916 4417 et
931 4346 1009 4435 filija
1026 4350 1137 4434 Perse,
1155 4367 1196 4413 cx

81 4450 188 4528 quibus
204 4458 237 4520 et
262 4475 321 4538 pro
339 4456 454 4536 quibua
472 4457 577 4523 dictus
598 4457 787 4524 Demetrius
803 4457 993 4543 conparuit,
1011 4463 1046 4525 ut
1061 4453 1194 4544 premis·

81 4573 164 4644 sum,
188 4579 245 4642 pro
265 4559 347 4648 ipsis
373 4561 514 4646 quinque
542 4563 751 4650 porcionibus
775 4569 861 4632 terre
887 4565 928 4633 de
944 4563 1049 4634 Tema
1073 4581 1192 4635 nouem

1039 4753 1067 4803 Χ
