3082 5166
551 276 711 384 gas-

72 477 222 548 Miohaeli
236 479 304 548 filio
319 483 431 566 hugus
447 480 601 567 vendite,
619 480 705 547 sicut
720 477 885 563 quantitas
909 475 1014 562 ipsius
1030 477 1193 563 particule

71 596 152 653 terre
170 587 300 654 vendite
317 587 351 652 in
366 588 542 673 priuilegio
562 586 710 655 eiusdem
728 585 899 652 Michaelis
917 585 1121 669 continetur,
1138 587 1193 655 de·

72 695 126 780 dit,
144 696 281 763 tradidit
297 696 476 764 etcontulit
492 693 652 781 predictis
663 695 799 762 Edeuch
816 699 848 758 et
866 695 993 760 Barkes
1010 695 1192 762 comitibus

71 802 386 870 similiterheredum
398 823 455 890 per
472 805 611 872 heredes
628 810 786 890 perpetue
802 798 940 885 pacifice
958 800 1191 885 possidendam

71 917 100 977 et
115 911 314 979 hahendam.
331 911 404 980 Hoc
421 912 602 1002 peripsum
619 911 778 982 Comitem
795 909 918 996 Mykou
934 911 1123 995 specialiter
1139 934 1192 980 as·

71 1025 164 1104 snpto
181 1015 268 1106 (lgy)
285 1021 373 1102 qnod
390 1022 419 1087 si
434 1023 542 1105 ipsam
562 1019 759 1106 particulam
776 1024 874 1104 terre,
891 1017 1060 1088 Michaelis
1077 1021 1192 1092 rideli-

70 1133 119 1194 cct
135 1125 195 1212 filij
214 1125 336 1212 Lugas,
354 1129 577 1214 supradictam
594 1128 634 1196 de
645 1128 721 1212 ipsa
736 1134 825 1195 terra
840 1127 938 1196 Zeten
953 1128 1042 1213 apud
1058 1130 1192 1200 eosdem

70 1233 203 1301 Edeneh
219 1241 253 1302 et
267 1235 395 1303 Barkes
412 1237 556 1304 Comites
573 1235 670 1303 modo
687 1234 858 1320 prehabito
876 1241 1044 1324 statutam,
1061 1260 1190 1312 censer.

68 1361 146 1410 nare
162 1363 229 1412 non
250 1351 374 1431 posset,
400 1350 519 1411 extunc
535 1343 578 1410 de
604 1348 692 1410 terra
711 1361 773 1411 sna
788 1343 922 1427 propria
938 1347 1045 1414 Bassa
1071 1355 1192 1418 vocata

69 1457 192 1522 tantam
207 1453 406 1538 particulam
431 1459 518 1521 terra
535 1458 567 1520 et
583 1457 675 1519 tante
691 1451 852 1536 utilitatis,
870 1459 995 1536 quanta
1014 1457 1128 1540 porcio
1144 1456 1191 1524 di·

68 1562 109 1626 cti
126 1560 298 1630 Michaelis
315 1561 375 1648 filij
393 1560 505 1648 Lugas
520 1561 554 1627 in
571 1561 646 1647 ipsa
666 1566 754 1626 terra
778 1559 878 1627 Zeten
903 1563 973 1629 fore
1000 1561 1193 1646 dinoscitur,

69 1669 255 1756 assignabit
271 1670 397 1738 eisdem
413 1670 549 1738 Edeuch
565 1676 597 1736 et
612 1670 740 1738 Berkes
756 1668 977 1753 comitibusa
992 1679 1091 1758 parto·
1102 1679 1190 1742 terre

68 1776 177 1863 Zeleu,
193 1779 435 1865 perhempniter
455 1775 711 1865 possidendam
728 1783 840 1861 partes
858 1783 972 1845 contra
996 1780 1137 1850 inuicem
1153 1800 1190 1849 so

67 1883 202 1952 tirmiter
228 1887 425 1972 obligantes,
445 1887 576 1970 quodsi
600 1888 656 1971 qui
675 1903 833 1970 processu
857 1891 1037 1971 temporum
1062 1898 1190 1974 partam

68 1994 211 2078 aliquam
228 1995 360 2081 deipsis
376 1997 526 2081 partibus
545 2015 646 2082 super
662 1993 745 2078 ipsis
761 1994 1025 2079 possessionibus
1042 1997 1189 2082 utrisque

68 2103 216 2186 partibus
227 2105 323 2172 modo
333 2104 494 2188 premisso
505 2103 711 2190 performam
723 2103 906 2189 concambij
918 2107 1034 2174 satutis
1046 2103 1132 2193 (igy)
1143 2107 1190 2171 in·

66 2217 181 2295 petere
191 2209 435 2278 antmclestare
451 2209 641 2293 niterentur,
652 2227 718 2276 una
728 2228 806 2294 pars
817 2209 958 2276 alteram
967 2212 1034 2279 suis
1051 2212 1191 2299 propriis

67 2317 237 2386 laboribus
254 2325 286 2385 et
311 2319 466 2404 expensis
487 2317 667 2385 detondere
683 2317 867 2400 tenebitur,
885 2319 997 2401 sicque
1023 2339 1088 2386 una
1111 2341 1191 2406 pars

65 2425 165 2494 aliam
181 2426 215 2492 in
241 2424 378 2511 pacifica
403 2426 613 2511 possessione
634 2425 794 2492 dictarum
820 2431 980 2492 terrarum
1006 2425 1101 2494 modo
1117 2447 1191 2514 pre·

66 2535 167 2602 misso
184 2541 441 2618 permutatarum
458 2555 495 2605 se
510 2540 622 2602 mutuo
647 2534 787 2601 inuicem
812 2551 941 2619 semper
962 2535 1189 2620 conseruabit3

66 2649 100 2710 et
116 2641 214 2712 ambe
230 2651 345 2728 partes
361 2644 543 2712 secundum
562 2643 647 2727 quod
657 2648 915 2727 assumpserant,
931 2648 1016 2708 etse
1032 2664 1091 2728 par
1106 2643 1190 2712 litte·

65 2769 121 2818 ras
137 2749 262 2816 domini
278 2751 379 2837 Regis
396 2752 628 2838 obligauerunt
642 2749 676 2816 in
692 2748 868 2818 Dominica
883 2748 1035 2834 proxima
1050 2757 1127 2820 ante
1143 2751 1190 2818 fe·

64 2869 151 2928 stum
169 2861 285 2929 Sancti
302 2895 346 2910 -
362 2897 405 2908 -
423 2897 465 2910 -
481 2865 694 2930 accesserunt
710 2860 754 2926 ad
774 2859 893 2926 faciem
910 2858 1073 2926 dictarum
1090 2866 1191 2928 terra·

64 2989 135 3036 rum
152 2978 309 3057 presente
326 2970 452 3039 Gemite
468 2969 595 3038 Thema
613 2968 655 3036 de
674 2971 769 3056 Drap
784 2967 913 3054 homine
930 2968 1054 3035 domini
1078 2969 1190 3053 Regis,

63 3084 97 3145 at
112 3078 260 3148 discreto
276 3080 346 3148 viro
364 3078 550 3148 Walantino
568 3078 740 3148 sacerdote
755 3079 885 3164 ydoneo
903 3084 937 3144 at
952 3076 1119 3160 fidedigno
1135 3097 1191 3145 no-

61 3195 133 3257 stro
151 3188 352 3272 testimonio,
370 3197 402 3256 et
419 3190 609 3258 conuocatis
626 3188 706 3258 inibi
731 3188 847 3256 uicinis
865 3187 1049 3254 eorumdem
1064 3185 1191 3271 predict

61 3333 105 3345 —
121 3334 169 3346 -·
185 3331 230 3346 ·—-
241 3335 283 3346 ·-
296 3288 396 3365 'metis
413 3297 632 3382 infrascriptis
651 3297 739 3364 idem
755 3295 851 3366 homo
862 3297 986 3364 domini
1001 3295 1103 3381 Regis
1119 3313 1189 3381 pre-

59 3413 163 3472 sente
180 3405 299 3473 aodam
322 3413 434 3474 nostro
460 3403 647 3472 testimonio
664 3405 813 3491 partibus
830 3393 964 3490 statuit,
990 3411 1089 3492 prout
1103 3412 1192 3491 post·

59 3513 201 3582 modum
217 3514 265 3580 ad
279 3533 340 3582 nos
356 3514 481 3582 reuersi
498 3515 593 3584 nobis
619 3513 825 3582 concorditer
849 3513 1037 3595 retulerunt,
1055 3515 1143 3597 quod
1158 3521 1193 3580 et

58 3623 168 3708 ijdem
184 3622 302 3692 Comes
318 3623 454 3692 Edench
472 3629 504 3692 ot
521 3624 647 3690 Barkes
658 3622 761 3690 irater
778 3641 867 3706 suns,
885 3630 917 3689 et
932 3623 1005 3709 ipse
1021 3622 1067 3689 Oc
1086 3657 1129 3670 -·
1145 3655 1190 3670 -·

57 3765 103 3780 —·
119 3751 166 3798 ac
181 3731 344 3799 Nicotaus
361 3739 393 3800 at
409 3731 578 3800 Jchannes
594 3728 654 3815 filij
675 3729 809 3797 Comitis
826 3730 928 3817 Byter
943 3749 1003 3814 pro
1021 3750 1056 3798 se
1081 3734 1114 3796 et
1130 3751 1189 3816 pro

57 3841 141 3924 aliJ's
160 3839 319 3908 iratribus
336 3859 447 3909 eorum
464 3840 497 3908 in
513 3839 617 3908 nostri
641 3838 818 3924 presencia
842 3839 1058 3926 personaliter
1074 3838 1192 3912 consti·

57 3948 122 4016 tuti
133 3935 321 4015 secundum
336 3981 381 3996 -
397 3985 441 3996 -
451 3985 496 4000 -
515 3982 552 3994 -·
572 3952 649 4014 sunt
659 3946 825 4030 confessi,
842 3953 993 4031 preterea
1003 3946 1191 4016 adiecerunt

56 4059 168 4126 etiam
183 4056 286 4144 ijdem
302 4078 413 4129 coram
433 4056 539 4142 nobis,
551 4057 722 4139 quodcum
733 4056 891 4144 magister
907 4057 1069 4145 Stephani
1084 4058 1190 4126 etlin-

54 4167 116 4235 dre
133 4197 185 4216 -
201 4205 246 4216 -
261 4200 307 4214 -
322 4167 402 4235 drea
418 4166 515 4234 (turni
531 4187 590 4251 pro
605 4185 642 4234 so
658 4173 691 4234 et
706 4186 766 4250 pro
783 4165 915 4233 Andrea
926 4165 1027 4236 tratre
1043 4166 1190 4250 ipsorum

55 4295 178 4344 coram
194 4272 328 4342 domino
338 4275 427 4360 Rege
439 4273 658 4360 personaliter
668 4279 886 4358 conparantes
895 4274 1042 4359 profatos
1053 4272 1191 4340 Edenoh

54 4393 89 4452 ot
104 4383 241 4451 Barkes
258 4382 403 4452 Comites
426 4381 512 4453 filios
536 4384 689 4472 Dyonisij
715 4382 759 4449 ab
774 4382 961 4452 huiusmodi
985 4381 1191 4450 alienaciono

53 4512 115 4562 sen
145 4493 400 4576 permutacione
425 4490 573 4576 predicte
590 4497 678 4560 terre
694 4491 783 4558 Puch
793 4541 803 4576 ,
820 4497 854 4559 et
878 4487 1002 4577 suprad
1028 4523 1072 4538 -
1087 4527 1130 4540 -
1146 4521 1191 4538 --

50 4603 122 4670 keu
141 4623 168 4669 a
185 4600 378 4688 recepcione
388 4599 535 4668 eiusdem
545 4599 720 4686 prohibere
731 4599 915 4669 uoluissent
924 4599 1083 4684 dicentes,
1101 4597 1191 4682 quod
