3094 5168
477 405 480 415 .
583 313 734 414 „m-

91 510 247 595 dedisset,
265 513 413 596 legasset
429 517 461 577 et
478 513 670 580 contulisset
679 517 837 596 perpetuo
854 510 1089 596 possidendam
1106 517 1138 576 et
1154 509 1210 576 hu-

91 619 245 689 bendam.
262 623 383 690 Datum
408 620 442 686 in
459 619 544 689 festo
568 619 663 690 Beati
689 622 839 690 Ladislai
864 621 964 708 Regis
980 637 1067 688 anno
1082 618 1213 686 Domini

90 731 132 796 id.
151 729 216 797 00.
232 727 449 814 nonagesimo
469 729 618 814 septimo.

285 943 431 1014 (Eredetie
445 961 462 1000 s
475 942 635 1016 vesaprdmi
647 942 787 1017 kbptaIsn
800 941 1021 1008 leveltdriban.)

523 1250 786 1264 m—

622 1834 689 1900 m.

92 2032 184 2094 Milto'
197 2031 297 2095 Deire
304 2031 356 2114 fia
381 2033 412 2094 ts
435 2031 537 2096 Jdnos
559 2030 659 2116 Bptor
666 2031 717 2114 fia
731 2032 849 2115 nemely
864 2029 980 2096 terrosi
986 2030 1102 2117 jopoa'io
1117 2030 1214 2110 indat,

231 2157 252 2199 a
268 2139 357 2201 vossi
372 2137 528 2222 kdptolrbs
544 2139 616 2203 sitsi
631 2141 833 2203 vissoncsorot
848 2139 968 2203 kdtnek.
988 2139 1084 2202 1297.

200 2349 419 2437 (G)epitolum
438 2354 586 2422 Bootesie
602 2357 786 2423 Waoiensis
811 2357 960 2424 omnibus
977 2356 1096 2422 Christi
1113 2353 1215 2422 fideii·

94 2463 153 2527 bus
170 2461 291 2541 quibus
309 2467 479 2545 presentes
494 2463 712 2530 ostenduntur
727 2464 867 2532 salutem
884 2468 916 2531 in
934 2466 1079 2532 omnium
1105 2464 1214 2532 salua-

91 2578 175 2635 tore.
200 2569 253 2634 Ad
269 2570 491 2640 uniuersorum
518 2573 674 2638 notioiam
694 2581 809 2639 tenore
836 2575 1038 2658 presencium
1064 2575 1214 2640 volumus

91 2679 287 2762 peruenire,
314 2679 399 2760 quod
424 2681 541 2747 Oomes
559 2680 671 2748 Mikou
697 2679 782 2747 fitius
800 2682 923 2748 Detrioi
951 2681 994 2746 sb
1017 2701 1082 2748 nna
1108 2685 1213 2764 parte,

90 2783 264 2851 iohannes
279 2783 366 2850 iilius
383 2783 519 2852 Conritis
535 2786 637 2871 Byter
654 2795 687 2852 et
703 2788 885 2874 Hermanns
900 2788 1049 2854 seruiens
1067 2786 1215 2852 eiusdem

89 2890 228 2957 Comitis
244 2892 346 2976 Byter
364 2910 435 2957 eum
453 2893 571 2958 litteris
588 2892 709 2957 nostris
726 2893 961 2976 procuratorijs
975 2911 1076 2975 super
1091 2891 1214 2959 ratiha-

92 2999 224 3065 bieione
241 2997 401 3065 eonfeetis
418 3021 476 3087 pro
494 3000 611 3067 eodem
628 3001 755 3068 Gemite
771 3004 871 3089 Byter
897 3002 1080 3082 exstitere,
1103 3020 1214 3067 eorem

91 3107 190 3174 nobis
209 3108 426 3192 personaliter
443 3110 608 3176 constituti
626 3111 769 3178 confessi
786 3117 862 3176 sunt
878 3113 954 3176 uiua
970 3129 1063 3194 uooe,
1081 3107 1166 3191 quod
1182 3109 1215 3176 in

90 3219 292 3304 quibusdem
317 3219 582 3306 possessionibus
599 3220 762 3304 ipsorum,
790 3220 914 3286 soilieet
940 3218 1104 3286 Oieherzk
1122 3235 1214 3283 exee-

89 3335 151 3411 pta
168 3347 191 3391 a
208 3327 392 3412 Hyriebou,
419 3327 557 3412 prodisti
575 3327 711 3394 Comitis
730 3331 840 3396 Mikou
867 3329 1021 3416 emptieia
1046 3327 1214 3402 videlieet,

89 3441 123 3501 et
139 3435 315 3501 Galsbueh
327 3438 496 3502 memorati
508 3435 645 3502 Comitis
656 3437 756 3522 Byter
773 3438 925 3519 aquisita,
936 3437 1016 3520 ipsis
1028 3436 1146 3502 litteris
1156 3453 1216 3501 seu

87 3543 287 3628 priuilogijs,
300 3563 427 3612 neenon
439 3546 659 3610 instrumentis
671 3544 888 3613 eiroumdatas
898 3551 931 3612 et
947 3545 1105 3610 limitatas
1117 3538 1214 3628 (tgy),

88 3652 214 3736 quibus
230 3659 343 3737 partes
360 3671 463 3734 usque
480 3655 576 3720 modo
599 3655 834 3735 possederunt,
863 3653 1086 3718 eonoumbium
1103 3652 1215 3720 huius·

91 3759 182 3830 modi
199 3759 270 3827 fieri
299 3760 510 3828 ordinassent
535 3761 619 3826 inter
637 3763 747 3846 ipsos,
772 3761 857 3843 quod
884 3767 1080 3828 memoratus
1097 3761 1215 3828 Comes

89 3870 216 3954 Mykou
234 3869 414 3954 predictam
431 3870 676 3956 possessionem
688 3868 851 3936 Oloharnk
869 3876 1105 3936 uocatamoum
1116 3871 1216 3936 omni·

91 3982 152 4043 bus
172 3977 373 4043 utilitatibus
390 3987 422 4044 et
437 3977 653 4062 pertiuenoijs
678 3979 747 4042 suis
767 3975 859 4060 (sub)
878 3979 958 4062 ipsis
975 3977 1080 4052 metis,
1097 3977 1215 4060 quibus

91 4085 164 4168 ipse
181 4093 318 4152 actenus
334 4086 504 4170 possedit,
529 4086 677 4154 dedisset
694 4093 725 4154 et
751 4087 943 4153 contulisset
959 4093 1140 4154 memorato
1156 4087 1216 4154 Co·

90 4193 160 4260 miti
177 4193 296 4278 Byter,
314 4201 346 4260 et
362 4193 438 4280 ttijs
455 4196 542 4282 suis,
571 4215 610 4260 ae
627 4197 788 4264 vniuersis
805 4196 981 4264 herodibus
1002 4199 1157 4281 ipsorum,
1182 4195 1214 4261 in

91 4301 321 4372 eonoambiunr
347 4303 494 4386 predicte
519 4313 606 4368 terre
622 4302 798 4370 Galabnoh
819 4305 890 4370 iure
907 4308 1064 4387 perpetuo
1090 4311 1123 4371 et
1139 4305 1215 4370 irre·

91 4410 290 4478 uoeebiiiter
306 4409 561 4494 possidendam,
587 4411 764 4478 tenendam
783 4421 814 4477 et
830 4413 1035 4492 habendam
1061 4419 1092 4474 et
1108 4431 1126 4478 e
1142 4431 1214 4476 oon-

91 4541 187 4587 uerso
205 4520 293 4586 idem
308 4517 426 4586 Comes
437 4520 537 4606 Byter
555 4529 587 4587 et
602 4521 660 4605 filij
679 4524 728 4586 sni
741 4529 953 4586 memoratam
973 4521 1214 4604 possessiouem

93 4631 239 4712 ipsorum
268 4625 441 4696 Galabneb
467 4633 638 4710 uocatam,
666 4628 817 4695 similiter
844 4629 958 4695 eodem
986 4629 1099 4713 modo,
1120 4636 1214 4712 prout

145 4769 575 4813 sonus.numennumen-ro.
1023 4756 1063 4820 12
