3072 5168
49 1145 77 1211 Α
90 1150 241 1234 pozeouyu'
255 1147 408 1235 lectptalou
422 1147 691 1236 bieouyudpleuele,
716 1149 794 1235 leopy
818 1149 893 1213 Zori
911 1148 980 1214 Olus
995 1152 1027 1214 du
1044 1148 1164 1230 Simon,

48 1254 161 1319 kiltuele
186 1257 324 1319 moeret
350 1254 470 1318 Eodrdt
494 1255 613 1336 Jdnos,
639 1255 782 1319 Benedelr
801 1258 951 1342 poasonyi
974 1256 1165 1343 eerJottepp

217 1363 360 1448 azolpdja
374 1361 513 1447 mepdlte,
529 1361 650 1428 eeeltleel
665 1363 876 1448 apyealcedtele.
898 1365 994 1428 1294.

438 1579 474 1646 t.
583 1581 619 1647 B.
729 1579 877 1648 (l.'

149 1779 220 1846 Nos
239 1775 425 1863 (lapitulum
452 1776 601 1846 Eeelesie
620 1777 831 1846 Posouiensis
856 1774 1080 1861 signifioamus
1095 1775 1163 1841 uni·

50 1886 161 1970 uersis,
179 1885 298 1969 quibus
316 1886 451 1970 expedit
468 1905 528 1970 per
545 1891 725 1970 presentes,
746 1885 833 1968 quod
849 1886 1034 1951 constitutis
1051 1903 1162 1968 perso·

48 1995 164 2062 naliter
181 2013 292 2060 eoram
309 1992 406 2059 nobis
421 1991 495 2059 Olra
511 1991 578 2060 lilio
595 1992 689 2061 Baad
707 1991 748 2055 de
765 1992 826 2057 Zor
843 2011 903 2077 pro
920 2011 957 2058 se
975 1997 1008 2055 et
1024 2009 1082 2075 pro
1099 1990 1162 2055 lua·
1280 2029 1281 2034 κ

48 2109 93 2168 tue
108 2121 168 2168 suo
185 2101 330 2188 Symone
347 2120 388 2166 ex
404 2120 470 2167 nna
485 2109 589 2184 parte,
608 2101 707 2166 Petro
723 2100 790 2168 filio
801 2099 971 2166 Benedicti
988 2101 1029 2168 de
1046 2099 1163 2167 eadem

52 2211 121 2292 Zor,
135 2209 319 2294 jobagione
345 2209 444 2277 eastri
462 2209 675 2275 Posouiensis
685 2261 695 2294 ‚
722 2229 794 2277 oum
812 2229 910 2276 seruo
935 2227 994 2274 suo
1011 2209 1163 2277 Johaune

50 2315 244 2384 hereditario
262 2314 304 2380 ab
322 2319 430 2382 altera
440 2364 448 2398 ,
465 2317 550 2383 idem
568 2313 643 2385 Oka
658 2321 711 2383 est
728 2317 911 2396 eoulessus,
929 2315 1016 2400 quod
1033 2335 1103 2380 oum
1122 2334 1163 2380 ex

52 2424 203 2492 suasione
221 2424 390 2490 diabolioa
405 2421 577 2492 lohannes
594 2443 709 2492 seruus
725 2425 945 2492 hereditarius
961 2425 1049 2490 Petri
1066 2443 1162 2508 supe·

51 2535 113 2599 rius
129 2533 310 2612 memorati,
337 2533 504 2599 Andream
525 2534 657 2602 fratrem
676 2532 750 2600 Oka
776 2534 958 2617 supradicti
984 2533 1164 2600 easualiter

55 2639 244 2723 oooidisset,
269 2642 403 2707 taudem
420 2649 487 2706 tam
505 2648 637 2726 propter
653 2641 769 2723 Deum,
794 2661 890 2724 quarn
908 2641 1013 2708 eoiam
1029 2647 1165 2726 propter

52 2749 166 2814 lineam
184 2748 493 2836 consanguinitatis,
513 2749 732 2816 mediantibus
748 2749 862 2834 probis
878 2749 956 2815 viris
972 2748 1057 2813 inter
1072 2749 1163 2835 ipsos

54 2857 197 2924 habitam
213 2852 300 2944 (lgy)
317 2857 351 2922 iu
366 2857 552 2940 quindeoim
570 2859 682 2943 pensis
699 2856 906 2924 denariorum
928 2855 1160 2937 Wienensium,

54 2971 160 3050 partes
178 2963 497 3030 debouavoluntate
508 2965 773 3049 oonoordassent,
785 2983 881 3047 quam
899 2983 1057 3030 summam
1069 2981 1163 3046 peou·

56 3075 104 3137 nie
119 3069 269 3158 prefatus
287 3069 372 3158 Oka,
389 3073 430 3138 ab
447 3072 572 3140 eisdem
589 3072 684 3140 Petro
701 3079 733 3140 et
749 3091 846 3140 seruo
864 3094 924 3141 suo
941 3071 1094 3140 Jobaune
1110 3093 1162 3140 su·

55 3178 297 3262 pronominato,
316 3201 352 3247 se
374 3179 521 3264 plenarie
538 3181 705 3264 recepisse
721 3201 832 3248 eoram
853 3181 949 3250 nobis
965 3189 1018 3246 est
1034 3179 1162 3248 eonfes-

54 3307 114 3356 sus.
132 3287 302 3374 Obligauit
319 3289 425 3356 eniam
442 3309 479 3354 se
496 3289 579 3356 idem
591 3288 667 3358 Olra
683 3295 978 3376 supranominatus,
995 3291 1084 3374 puod
1096 3291 1163 3374 qui·

55 3417 174 3480 uunque
190 3417 345 3485 processu
371 3405 554 3482 temporum
572 3417 668 3482 super
692 3408 799 3466 morte
815 3398 927 3466 framis
951 3401 1002 3464 sui
1019 3399 1161 3480 Andree,

57 3507 181 3574 eosdem
199 3507 327 3572 Petrum
344 3515 378 3570 et
393 3525 521 3572 seruum
542 3525 634 3572 suum
651 3505 835 3574 lohannem
855 3507 1000 3590 inpetere
1025 3503 1177 3573 forsitau'

56 3621 269 3699 attemptaret,
287 3611 360 3699 ipse
376 3614 453 3682 Oka
469 3623 502 3680 et
516 3614 618 3680 frater
635 3635 713 3683 snus
729 3617 853 3702 Symou
881 3615 1077 3681 tenebuntur
1093 3633 1164 3680 eos·

53 3721 119 3787 dem
145 3723 277 3788 Petrum
303 3727 338 3787 et
353 3722 538 3790 Johannem
564 3739 693 3787 seruum
719 3741 812 3790 suum
838 3723 995 3808 expedire
1021 3722 1163 3808 propuijs

54 3829 213 3898 laboribus
230 3837 265 3896 et
282 3831 444 3915 expensis.
471 3831 506 3893 lo
526 3831 617 3897 ouius
633 3832 680 3896 rei
702 3831 892 3899 memoriam
917 3836 1092 3919 presentes
1110 3829 1165 3894 de-

55 3937 155 4006 dimus
173 3940 302 4006 litteras
314 3937 416 4021 sigilli
432 3937 533 4005 noutri
546 3937 721 4004 munimine
734 3940 917 4006 roboratas.
935 3940 1056 4006 Datum
1074 3957 1162 4005 auno

55 4045 179 4112 Domini
195 4047 237 4111 ld.
255 4045 317 4116 CO.
334 4047 548 4133 nonagesimo
565 4052 706 4130 quarto„

55 4240 182 4312 (Hirtya.
203 4237 376 4313 vorosfsjer
389 4241 526 4315 nsinegen
545 4239 616 4314 sugg
636 4259 654 4296 a
673 4239 738 4315 meg
752 4239 787 4311 dp
799 4238 909 4312 peesdt.
929 4236 1163 4312 Pousonylrdpta·

127 4332 185 4388 lani
199 4329 339 4406 orszdgos
354 4329 486 4389 levelttr.
501 4329 598 4402 Capsu
610 4329 686 4387 XIV.
700 4329 783 4386 Fuso.
797 4331 839 4386 19.
852 4328 919 4386 Νι·ο.
934 4330 956 4384 1.
976 4328 1090 4400 Kaous.)

470 4627 724 4638 μνῆ-Ἣ
