<?xml version="1.0" encoding="UTF-8"?>
<!DOCTYPE html PUBLIC "-//W3C//DTD XHTML 1.0 Transitional//EN"
    "http://www.w3.org/TR/xhtml1/DTD/xhtml1-transitional.dtd">
<html xmlns="http://www.w3.org/1999/xhtml" xml:lang="en" lang="en">
 <head>
  <title>
</title>
<meta http-equiv="Content-Type" content="text/html;charset=utf-8" />
  <meta name='ocr-system' content='tesseract 3.04.00' />
  <meta name='ocr-capabilities' content='ocr_page ocr_carea ocr_par ocr_line ocrx_word'/>
</head>
<body>
  <div class='ocr_page' id='page_1' title='image "./codexdiplomatic16wenzgoog_0264.png"; bbox 0 0 3094 5168; ppageno 0'>
   <div class='ocr_carea' id='block_1_1' title="bbox 625 973 698 1037">
    <p class='ocr_par' dir='ltr' id='par_1_1' title="bbox 625 973 698 1037">
     <span class='ocr_line' id='line_1_1' title="bbox 625 973 698 1037; baseline 0 -1"><span class='ocrx_word' id='word_1_1' title='bbox 625 973 698 1037; x_wconf 77' lang='lat'><strong>¹52.</strong></span> 
     </span>
    </p>
   </div>
   <div class='ocr_carea' id='block_1_2' title="bbox 102 1165 1220 1581">
    <p class='ocr_par' dir='ltr' id='par_1_2' title="bbox 105 1165 1220 1256">
     <span class='ocr_line' id='line_1_2' title="bbox 105 1165 1220 1256; baseline 0.004 -26"><span class='ocrx_word' id='word_1_2' title='bbox 105 1165 131 1230; x_wconf 83' lang='lat' dir='ltr'><em>A</em></span> <span class='ocrx_word' id='word_1_3' title='bbox 145 1191 185 1231; x_wconf 81' lang='lat' dir='ltr'><strong>oz.</strong></span> <span class='ocrx_word' id='word_1_4' title='bbox 203 1169 313 1255; x_wconf 77' lang='lat' dir='ltr'><strong>Epycd</strong></span> <span class='ocrx_word' id='word_1_5' title='bbox 328 1171 468 1256; x_wconf 74' lang='lat' dir='ltr'><strong>somopyc&#39;</strong></span> <span class='ocrx_word' id='word_1_6' title='bbox 482 1169 645 1256; x_wconf 80' lang='lat' dir='ltr'><strong>kooocctjc</strong></span> <span class='ocrx_word' id='word_1_7' title='bbox 662 1169 769 1234; x_wconf 74' lang='lat' dir='ltr'><strong>Pdtcrt</strong></span> <span class='ocrx_word' id='word_1_8' title='bbox 784 1170 922 1255; x_wconf 70' lang='lat' dir='ltr'><strong>somogtyi</strong></span> <span class='ocrx_word' id='word_1_9' title='bbox 938 1167 1080 1254; x_wconf 80' lang='lat' dir='ltr'><strong>alispclct</strong></span> <span class='ocrx_word' id='word_1_10' title='bbox 1096 1171 1127 1234; x_wconf 70' lang='lat' dir='ltr'><strong>ds</strong></span> <span class='ocrx_word' id='word_1_11' title='bbox 1142 1173 1220 1256; x_wconf 63' lang='lat' dir='ltr'><strong>copy</strong></span> 
     </span>
    </p>

    <p class='ocr_par' dir='ltr' id='par_1_3' title="bbox 102 1275 1217 1364">
     <span class='ocr_line' id='line_1_3' title="bbox 102 1275 1217 1364; baseline 0.003 -25"><span class='ocrx_word' id='word_1_12' title='bbox 102 1277 190 1340; x_wconf 78' lang='lat' dir='ltr'><strong>tireio</strong></span> <span class='ocrx_word' id='word_1_13' title='bbox 215 1277 388 1364; x_wconf 42' lang='lat' dir='ltr'><strong>torddsttjrm</strong></span> <span class='ocrx_word' id='word_1_14' title='bbox 415 1277 497 1363; x_wconf 78' lang='lat' dir='ltr'><strong>bopy</strong></span> <span class='ocrx_word' id='word_1_15' title='bbox 523 1275 662 1364; x_wconf 72' lang='lat' dir='ltr'><strong>Mtlclyt</strong></span> <span class='ocrx_word' id='word_1_16' title='bbox 686 1275 935 1362; x_wconf 78' lang='lat' dir='ltr'><strong>Dcooeborfidt,</strong></span> <span class='ocrx_word' id='word_1_17' title='bbox 952 1275 1075 1361; x_wconf 62' lang='lat' dir='ltr'><strong>Leone,</strong></span> <span class='ocrx_word' id='word_1_18' title='bbox 1093 1277 1217 1343; x_wconf 79' lang='lat' dir='ltr'><strong>Ivdcleo</strong></span> 
     </span>
    </p>

    <p class='ocr_par' dir='ltr' id='par_1_4' title="bbox 103 1381 1217 1581">
     <span class='ocr_line' id='line_1_4' title="bbox 103 1381 1217 1472; baseline 0.004 -26"><span class='ocrx_word' id='word_1_19' title='bbox 103 1381 215 1461; x_wconf 73' lang='lat' dir='ltr'><strong>tonat,</strong></span> <span class='ocrx_word' id='word_1_20' title='bbox 231 1387 416 1451; x_wconf 81' lang='lat' dir='ltr'><strong>marasztalt</strong></span> <span class='ocrx_word' id='word_1_21' title='bbox 432 1386 596 1472; x_wconf 80' lang='lat' dir='ltr'><strong>toloajnak</strong></span> <span class='ocrx_word' id='word_1_22' title='bbox 613 1385 727 1452; x_wconf 75' lang='lat' dir='ltr'><strong>oberro</strong></span> <span class='ocrx_word' id='word_1_23' title='bbox 742 1383 916 1471; x_wconf 71' lang='lat' dir='ltr'><strong>hclysdpdbe</strong></span> <span class='ocrx_word' id='word_1_24' title='bbox 931 1384 1082 1472; x_wconf 76' lang='lat' dir='ltr'><strong>beiptalto</strong></span> <span class='ocrx_word' id='word_1_25' title='bbox 1096 1408 1112 1449; x_wconf 87' lang='lat' dir='ltr'><strong>s</strong></span> <span class='ocrx_word' id='word_1_26' title='bbox 1127 1408 1166 1450; x_wconf 80' lang='lat' dir='ltr'><strong>az</strong></span> <span class='ocrx_word' id='word_1_27' title='bbox 1180 1385 1217 1451; x_wconf 80' lang='lat' dir='ltr'><strong>il-</strong></span> 
     </span>
     <span class='ocr_line' id='line_1_5' title="bbox 283 1491 1038 1581; baseline -0.001 -22"><span class='ocrx_word' id='word_1_28' title='bbox 283 1495 345 1559; x_wconf 84' lang='lat' dir='ltr'><strong>lctb&#39;</strong></span> <span class='ocrx_word' id='word_1_29' title='bbox 352 1493 474 1578; x_wconf 81' lang='lat' dir='ltr'><strong>folcket</strong></span> <span class='ocrx_word' id='word_1_30' title='bbox 490 1493 654 1581; x_wconf 71' lang='lat' dir='ltr'><strong>tdrneoybe</strong></span> <span class='ocrx_word' id='word_1_31' title='bbox 670 1495 776 1558; x_wconf 63' lang='lat' dir='ltr'><strong>idone.</strong></span> <span class='ocrx_word' id='word_1_32' title='bbox 792 1493 891 1558; x_wconf 86' lang='lat'><em>1299.</em></span> <span class='ocrx_word' id='word_1_33' title='bbox 900 1491 967 1580; x_wconf 78' lang='lat' dir='ltr'><strong>jul.</strong></span> <span class='ocrx_word' id='word_1_34' title='bbox 984 1494 1038 1558; x_wconf 80' lang='lat'><strong>24.</strong></span> 
     </span>
    </p>
   </div>
   <div class='ocr_carea' id='block_1_3' title="bbox 97 1687 1223 4704">
    <p class='ocr_par' dir='ltr' id='par_1_5' title="bbox 97 1687 1223 4704">
     <span class='ocr_line' id='line_1_6' title="bbox 203 1687 1222 1776; baseline 0.001 -19"><span class='ocrx_word' id='word_1_35' title='bbox 203 1690 292 1758; x_wconf 90' lang='lat' dir='ltr'><strong>Viris</strong></span> <span class='ocrx_word' id='word_1_36' title='bbox 308 1690 473 1761; x_wconf 89' lang='lat' dir='ltr'><strong>nobilibus</strong></span> <span class='ocrx_word' id='word_1_37' title='bbox 484 1690 604 1760; x_wconf 81' lang='lat' dir='ltr'><strong>domiti</strong></span> <span class='ocrx_word' id='word_1_38' title='bbox 613 1692 710 1760; x_wconf 87' lang='lat' dir='ltr'><strong>Petro</strong></span> <span class='ocrx_word' id='word_1_39' title='bbox 719 1687 917 1776; x_wconf 83' lang='lat' dir='ltr'><strong>Vicejudiei</strong></span> <span class='ocrx_word' id='word_1_40' title='bbox 927 1688 1079 1776; x_wconf 72' lang='lat' dir='ltr'><strong>magistri</strong></span> <span class='ocrx_word' id='word_1_41' title='bbox 1088 1689 1222 1760; x_wconf 80' lang='lat' dir='ltr'><strong>Iwonce</strong></span> 
     </span>
     <span class='ocr_line' id='line_1_7' title="bbox 103 1797 1221 1888; baseline 0.005 -25"><span class='ocrx_word' id='word_1_42' title='bbox 103 1797 232 1868; x_wconf 83' lang='lat' dir='ltr'><strong>Comitis</strong></span> <span class='ocrx_word' id='word_1_43' title='bbox 248 1800 478 1888; x_wconf 79' lang='lat' dir='ltr'><strong>Symigiemis,</strong></span> <span class='ocrx_word' id='word_1_44' title='bbox 496 1807 529 1870; x_wconf 86' lang='lat' dir='ltr'><strong>ct</strong></span> <span class='ocrx_word' id='word_1_45' title='bbox 545 1807 684 1885; x_wconf 84' lang='lat' dir='ltr'><strong>quotuor</strong></span> <span class='ocrx_word' id='word_1_46' title='bbox 699 1797 871 1868; x_wconf 86' lang='lat' dir='ltr'><strong>Judicibus</strong></span> <span class='ocrx_word' id='word_1_47' title='bbox 889 1797 1056 1868; x_wconf 81' lang='lat' dir='ltr'>Nobilium</span> <span class='ocrx_word' id='word_1_48' title='bbox 1071 1797 1221 1868; x_wconf 84' lang='lat' dir='ltr'><strong>eiusdem</strong></span> 
     </span>
     <span class='ocr_line' id='line_1_8' title="bbox 103 1905 1220 1998; baseline 0.003 -25"><span class='ocrx_word' id='word_1_49' title='bbox 103 1905 277 1977; x_wconf 75' lang='lat' dir='ltr'><strong>comitetur</strong></span> <span class='ocrx_word' id='word_1_50' title='bbox 287 1959 296 1994; x_wconf 93' lang='lat'><strong>,</strong></span> <span class='ocrx_word' id='word_1_51' title='bbox 314 1911 503 1978; x_wconf 77' lang='lat' dir='ltr'><strong>conuentus</strong></span> <span class='ocrx_word' id='word_1_52' title='bbox 520 1910 712 1998; x_wconf 80' lang='lat' dir='ltr'><strong>Menosterij</strong></span> <span class='ocrx_word' id='word_1_53' title='bbox 734 1907 849 1976; x_wconf 81' lang='lat' dir='ltr'><strong>Sancti</strong></span> <span class='ocrx_word' id='word_1_54' title='bbox 873 1906 984 1994; x_wconf 79' lang='lat' dir='ltr'><strong>Egidij</strong></span> <span class='ocrx_word' id='word_1_55' title='bbox 1010 1906 1053 1975; x_wconf 87' lang='lat' dir='ltr'><strong>de</strong></span> <span class='ocrx_word' id='word_1_56' title='bbox 1069 1907 1220 1997; x_wconf 81' lang='lat' dir='ltr'><strong>Symigio</strong></span> 
     </span>
     <span class='ocr_line' id='line_1_9' title="bbox 102 2013 1220 2103; baseline 0.003 -23"><span class='ocrx_word' id='word_1_57' title='bbox 102 2013 240 2084; x_wconf 86' lang='lat' dir='ltr'><strong>debitum</strong></span> <span class='ocrx_word' id='word_1_58' title='bbox 257 2016 410 2086; x_wconf 83' lang='lat' dir='ltr'><strong>amicicie</strong></span> <span class='ocrx_word' id='word_1_59' title='bbox 427 2025 461 2086; x_wconf 89' lang='lat' dir='ltr'><strong>ct</strong></span> <span class='ocrx_word' id='word_1_60' title='bbox 477 2017 622 2084; x_wconf 92' lang='lat' dir='ltr'><strong>honeris.</strong></span> <span class='ocrx_word' id='word_1_61' title='bbox 639 2014 785 2085; x_wconf 80' lang='lat' dir='ltr'><strong>Litteras</strong></span> <span class='ocrx_word' id='word_1_62' title='bbox 802 2019 914 2103; x_wconf 85' lang='lat' dir='ltr'><strong>uestro</strong></span> <span class='ocrx_word' id='word_1_63' title='bbox 929 2013 1113 2082; x_wconf 80' lang='lat' dir='ltr'><strong>nobilitatis</strong></span> <span class='ocrx_word' id='word_1_64' title='bbox 1130 2035 1220 2083; x_wconf 88' lang='lat' dir='ltr'><strong>roco-</strong></span> 
     </span>
     <span class='ocr_line' id='line_1_10' title="bbox 102 2123 1221 2210; baseline 0.004 -22"><span class='ocrx_word' id='word_1_65' title='bbox 102 2123 203 2207; x_wconf 87' lang='lat' dir='ltr'><strong>pimus</strong></span> <span class='ocrx_word' id='word_1_66' title='bbox 228 2127 454 2206; x_wconf 75' lang='lat' dir='ltr'><strong>continentes,</strong></span> <span class='ocrx_word' id='word_1_67' title='bbox 481 2125 567 2210; x_wconf 91' lang='lat' dir='ltr'><strong>quod</strong></span> <span class='ocrx_word' id='word_1_68' title='bbox 584 2125 729 2194; x_wconf 82' lang='lat' dir='ltr'><strong>Miohcel</strong></span> <span class='ocrx_word' id='word_1_69' title='bbox 753 2123 840 2194; x_wconf 89' lang='lat' dir='ltr'><strong>lilius</strong></span> <span class='ocrx_word' id='word_1_70' title='bbox 856 2123 1030 2192; x_wconf 87' lang='lat' dir='ltr'><strong>Deuecbor</strong></span> <span class='ocrx_word' id='word_1_71' title='bbox 1055 2123 1221 2192; x_wconf 85' lang='lat' dir='ltr'><strong>exhibuis-</strong></span> 
     </span>
     <span class='ocr_line' id='line_1_11' title="bbox 103 2230 1221 2319; baseline 0.004 -23"><span class='ocrx_word' id='word_1_72' title='bbox 103 2239 148 2296; x_wconf 87' lang='lat' dir='ltr'><strong>set</strong></span> <span class='ocrx_word' id='word_1_73' title='bbox 162 2233 257 2300; x_wconf 91' lang='lat' dir='ltr'><strong>uobis</strong></span> <span class='ocrx_word' id='word_1_74' title='bbox 283 2233 415 2300; x_wconf 83' lang='lat' dir='ltr'><strong>litteras</strong></span> <span class='ocrx_word' id='word_1_75' title='bbox 441 2239 589 2309; x_wconf 87' lang='lat' dir='ltr'><strong>uestras,</strong></span> <span class='ocrx_word' id='word_1_76' title='bbox 614 2233 783 2315; x_wconf 83' lang='lat' dir='ltr'><strong>inquibus</strong></span> <span class='ocrx_word' id='word_1_77' title='bbox 809 2230 999 2319; x_wconf 90' lang='lat' dir='ltr'><strong>reperistis,</strong></span> <span class='ocrx_word' id='word_1_78' title='bbox 1026 2230 1221 2302; x_wconf 84' lang='lat' dir='ltr'><strong>Ladinlnum</strong></span> 
     </span>
     <span class='ocr_line' id='line_1_12' title="bbox 103 2339 1222 2420; baseline 0.003 -15"><span class='ocrx_word' id='word_1_79' title='bbox 103 2339 195 2406; x_wconf 90' lang='lat' dir='ltr'><strong>tilium</strong></span> <span class='ocrx_word' id='word_1_80' title='bbox 217 2343 359 2410; x_wconf 73' lang='lat' dir='ltr'><strong>luonka</strong></span> <span class='ocrx_word' id='word_1_81' title='bbox 385 2341 428 2410; x_wconf 87' lang='lat' dir='ltr'><strong>de</strong></span> <span class='ocrx_word' id='word_1_82' title='bbox 453 2340 579 2411; x_wconf 88' lang='lat' dir='ltr'><strong>Oberth</strong></span> <span class='ocrx_word' id='word_1_83' title='bbox 604 2340 639 2406; x_wconf 94' lang='lat' dir='ltr'><strong>in</strong></span> <span class='ocrx_word' id='word_1_84' title='bbox 659 2339 745 2408; x_wconf 84' lang='lat' dir='ltr'><strong>furto</strong></span> <span class='ocrx_word' id='word_1_85' title='bbox 770 2357 845 2408; x_wconf 89' lang='lat' dir='ltr'><strong>esse</strong></span> <span class='ocrx_word' id='word_1_86' title='bbox 872 2339 1079 2420; x_wconf 87' lang='lat' dir='ltr'><strong>conuictum,</strong></span> <span class='ocrx_word' id='word_1_87' title='bbox 1105 2348 1222 2409; x_wconf 78' lang='lat' dir='ltr'><strong>contra</strong></span> 
     </span>
     <span class='ocr_line' id='line_1_13' title="bbox 102 2446 1223 2537; baseline 0.005 -26"><span class='ocrx_word' id='word_1_88' title='bbox 102 2447 202 2532; x_wconf 89' lang='lat' dir='ltr'><strong>ipsum</strong></span> <span class='ocrx_word' id='word_1_89' title='bbox 219 2449 437 2537; x_wconf 84' lang='lat' dir='ltr'><strong>bliebselem,</strong></span> <span class='ocrx_word' id='word_1_90' title='bbox 455 2450 537 2517; x_wconf 91' lang='lat' dir='ltr'><strong>etin</strong></span> <span class='ocrx_word' id='word_1_91' title='bbox 553 2446 692 2533; x_wconf 80' lang='lat' dir='ltr'><strong>judiciis</strong></span> <span class='ocrx_word' id='word_1_92' title='bbox 712 2453 953 2534; x_wconf 78' lang='lat' dir='ltr'><strong>eggrnuatum,</strong></span> <span class='ocrx_word' id='word_1_93' title='bbox 978 2449 1185 2534; x_wconf 80' lang='lat' dir='ltr'><strong>requirentes</strong></span> <span class='ocrx_word' id='word_1_94' title='bbox 1201 2471 1223 2517; x_wconf 84' lang='lat' dir='ltr'><strong>o</strong></span> 
     </span>
     <span class='ocr_line' id='line_1_14' title="bbox 102 2554 1221 2640; baseline 0.002 -19"><span class='ocrx_word' id='word_1_95' title='bbox 102 2556 211 2640; x_wconf 90' lang='lat' dir='ltr'><strong>nobis,</strong></span> <span class='ocrx_word' id='word_1_96' title='bbox 240 2561 276 2622; x_wconf 90' lang='lat' dir='ltr'><strong>ut</strong></span> <span class='ocrx_word' id='word_1_97' title='bbox 293 2576 365 2624; x_wconf 86' lang='lat' dir='ltr'><strong>cunr</strong></span> <span class='ocrx_word' id='word_1_98' title='bbox 381 2557 522 2626; x_wconf 83' lang='lat' dir='ltr'><strong>Nicolco</strong></span> <span class='ocrx_word' id='word_1_99' title='bbox 547 2555 615 2624; x_wconf 83' lang='lat' dir='ltr'><strong>filio</strong></span> <span class='ocrx_word' id='word_1_100' title='bbox 631 2554 759 2624; x_wconf 86' lang='lat' dir='ltr'><strong>Pethke</strong></span> <span class='ocrx_word' id='word_1_101' title='bbox 775 2555 908 2624; x_wconf 86' lang='lat' dir='ltr'><strong>bomine</strong></span> <span class='ocrx_word' id='word_1_102' title='bbox 933 2561 1046 2625; x_wconf 83' lang='lat' dir='ltr'><strong>uestro</strong></span> <span class='ocrx_word' id='word_1_103' title='bbox 1074 2563 1221 2624; x_wconf 89' lang='lat' dir='ltr'><strong>nostrum</strong></span> 
     </span>
     <span class='ocr_line' id='line_1_15' title="bbox 102 2660 1220 2749; baseline 0 -19"><span class='ocrx_word' id='word_1_104' title='bbox 102 2664 304 2732; x_wconf 76' lang='lat' dir='ltr'><strong>mitteremus</strong></span> <span class='ocrx_word' id='word_1_105' title='bbox 321 2665 486 2732; x_wconf 90' lang='lat' dir='ltr'><strong>hominem</strong></span> <span class='ocrx_word' id='word_1_106' title='bbox 503 2683 562 2749; x_wconf 94' lang='lat' dir='ltr'><strong>pro</strong></span> <span class='ocrx_word' id='word_1_107' title='bbox 579 2660 786 2748; x_wconf 88' lang='lat' dir='ltr'><strong>testimonio,</strong></span> <span class='ocrx_word' id='word_1_108' title='bbox 812 2681 923 2731; x_wconf 79' lang='lat' dir='ltr'><strong>eoram</strong></span> <span class='ocrx_word' id='word_1_109' title='bbox 939 2681 1002 2749; x_wconf 91' lang='lat' dir='ltr'><strong>quo</strong></span> <span class='ocrx_word' id='word_1_110' title='bbox 1019 2664 1106 2731; x_wconf 88' lang='lat' dir='ltr'><strong>idem</strong></span> <span class='ocrx_word' id='word_1_111' title='bbox 1122 2665 1220 2732; x_wconf 91' lang='lat' dir='ltr'><strong>homo</strong></span> 
     </span>
     <span class='ocr_line' id='line_1_16' title="bbox 102 2769 1220 2860; baseline 0.003 -23"><span class='ocrx_word' id='word_1_112' title='bbox 102 2779 219 2860; x_wconf 86' lang='lat' dir='ltr'><strong>uester,</strong></span> <span class='ocrx_word' id='word_1_113' title='bbox 238 2773 380 2840; x_wconf 89' lang='lat' dir='ltr'><strong>eundem</strong></span> <span class='ocrx_word' id='word_1_114' title='bbox 396 2772 590 2842; x_wconf 76' lang='lat' dir='ltr'><strong>Michaelem</strong></span> <span class='ocrx_word' id='word_1_115' title='bbox 607 2769 711 2840; x_wconf 88' lang='lat' dir='ltr'><strong>filium</strong></span> <span class='ocrx_word' id='word_1_116' title='bbox 727 2770 918 2855; x_wconf 86' lang='lat' dir='ltr'><strong>Deuecher,</strong></span> <span class='ocrx_word' id='word_1_117' title='bbox 944 2772 1169 2841; x_wconf 85' lang='lat' dir='ltr'><strong>introduceret</strong></span> <span class='ocrx_word' id='word_1_118' title='bbox 1184 2774 1220 2840; x_wconf 95' lang='lat' dir='ltr'><strong>in</strong></span> 
     </span>
     <span class='ocr_line' id='line_1_17' title="bbox 102 2876 1219 2966; baseline 0.003 -20"><span class='ocrx_word' id='word_1_119' title='bbox 102 2883 343 2964; x_wconf 88' lang='lat' dir='ltr'><strong>possessionem</strong></span> <span class='ocrx_word' id='word_1_120' title='bbox 369 2881 519 2948; x_wconf 90' lang='lat' dir='ltr'><strong>eiusdem</strong></span> <span class='ocrx_word' id='word_1_121' title='bbox 537 2877 696 2965; x_wconf 81' lang='lat' dir='ltr'><strong>Ladiulsi,</strong></span> <span class='ocrx_word' id='word_1_122' title='bbox 714 2876 841 2949; x_wconf 89' lang='lat' dir='ltr'><strong>Oberth</strong></span> <span class='ocrx_word' id='word_1_123' title='bbox 859 2878 1063 2966; x_wconf 73' lang='lat' dir='ltr'><strong>predictam,</strong></span> <span class='ocrx_word' id='word_1_124' title='bbox 1088 2901 1219 2950; x_wconf 82' lang='lat' dir='ltr'><strong>mausu-</strong></span> 
     </span>
     <span class='ocr_line' id='line_1_18' title="bbox 101 2986 1219 3073; baseline 0.002 -19"><span class='ocrx_word' id='word_1_125' title='bbox 101 3008 151 3057; x_wconf 87' lang='lat' dir='ltr'><strong>rus</strong></span> <span class='ocrx_word' id='word_1_126' title='bbox 166 2989 198 3055; x_wconf 91' lang='lat' dir='ltr'><strong>in</strong></span> <span class='ocrx_word' id='word_1_127' title='bbox 217 2989 337 3057; x_wconf 84' lang='lat' dir='ltr'><strong>ecdem</strong></span> <span class='ocrx_word' id='word_1_128' title='bbox 363 3008 468 3072; x_wconf 89' lang='lat' dir='ltr'><strong>usque</strong></span> <span class='ocrx_word' id='word_1_129' title='bbox 485 2988 632 3072; x_wconf 90' lang='lat' dir='ltr'><strong>quintum</strong></span> <span class='ocrx_word' id='word_1_130' title='bbox 657 2986 818 3056; x_wconf 90' lang='lat' dir='ltr'><strong>decimum</strong></span> <span class='ocrx_word' id='word_1_131' title='bbox 834 2987 920 3054; x_wconf 89' lang='lat' dir='ltr'><strong>diem</strong></span> <span class='ocrx_word' id='word_1_132' title='bbox 947 2987 1074 3073; x_wconf 77' lang='lat' dir='ltr'><strong>absque</strong></span> <span class='ocrx_word' id='word_1_133' title='bbox 1093 2989 1219 3056; x_wconf 87' lang='lat' dir='ltr'><strong>lesione</strong></span> 
     </span>
     <span class='ocr_line' id='line_1_19' title="bbox 101 3093 1219 3183; baseline 0 -19"><span class='ocrx_word' id='word_1_134' title='bbox 101 3096 323 3180; x_wconf 85' lang='lat' dir='ltr'><strong>possessionis</strong></span> <span class='ocrx_word' id='word_1_135' title='bbox 338 3103 537 3183; x_wconf 82' lang='lat' dir='ltr'><strong>memorote;</strong></span> <span class='ocrx_word' id='word_1_136' title='bbox 555 3095 679 3163; x_wconf 88' lang='lat' dir='ltr'><strong>diceret</strong></span> <span class='ocrx_word' id='word_1_137' title='bbox 694 3095 800 3163; x_wconf 78' lang='lat' dir='ltr'><strong>ocium</strong></span> <span class='ocrx_word' id='word_1_138' title='bbox 817 3093 924 3164; x_wconf 87' lang='lat' dir='ltr'><strong>eidem</strong></span> <span class='ocrx_word' id='word_1_139' title='bbox 940 3094 1117 3182; x_wconf 80' lang='lat' dir='ltr'><strong>Ledinlco,</strong></span> <span class='ocrx_word' id='word_1_140' title='bbox 1135 3104 1169 3163; x_wconf 89' lang='lat' dir='ltr'><strong>ut</strong></span> <span class='ocrx_word' id='word_1_141' title='bbox 1185 3099 1219 3164; x_wconf 92' lang='lat' dir='ltr'><strong>iu</strong></span> 
     </span>
     <span class='ocr_line' id='line_1_20' title="bbox 101 3202 1220 3291; baseline 0.006 -25"><span class='ocrx_word' id='word_1_142' title='bbox 101 3204 170 3288; x_wconf 90' lang='lat' dir='ltr'><strong>ipse</strong></span> <span class='ocrx_word' id='word_1_143' title='bbox 185 3204 442 3291; x_wconf 89' lang='lat' dir='ltr'><strong>quintodecimo</strong></span> <span class='ocrx_word' id='word_1_144' title='bbox 456 3203 512 3272; x_wconf 89' lang='lat' dir='ltr'><strong>dic</strong></span> <span class='ocrx_word' id='word_1_145' title='bbox 533 3211 727 3291; x_wconf 77' lang='lat' dir='ltr'><strong>conpareret</strong></span> <span class='ocrx_word' id='word_1_146' title='bbox 737 3203 964 3290; x_wconf 81' lang='lat' dir='ltr'><strong>personaliter,</strong></span> <span class='ocrx_word' id='word_1_147' title='bbox 981 3202 1023 3271; x_wconf 88' lang='lat' dir='ltr'><strong>de</strong></span> <span class='ocrx_word' id='word_1_148' title='bbox 1034 3204 1122 3270; x_wconf 81' lang='lat' dir='ltr'><strong>lucto</strong></span> <span class='ocrx_word' id='word_1_149' title='bbox 1132 3204 1220 3290; x_wconf 91' lang='lat' dir='ltr'><strong>prin·</strong></span> 
     </span>
     <span class='ocr_line' id='line_1_21' title="bbox 101 3304 1218 3400; baseline 0.002 -22"><span class='ocrx_word' id='word_1_150' title='bbox 101 3313 195 3398; x_wconf 82' lang='lat' dir='ltr'><strong>cipali</strong></span> <span class='ocrx_word' id='word_1_151' title='bbox 220 3318 257 3379; x_wconf 87' lang='lat' dir='ltr'><strong>ct</strong></span> <span class='ocrx_word' id='word_1_152' title='bbox 273 3311 315 3378; x_wconf 88' lang='lat' dir='ltr'><strong>de</strong></span> <span class='ocrx_word' id='word_1_153' title='bbox 326 3310 464 3398; x_wconf 76' lang='lat' dir='ltr'><strong>judioiJs</strong></span> <span class='ocrx_word' id='word_1_154' title='bbox 490 3309 586 3380; x_wconf 91' lang='lat' dir='ltr'><strong>uobis</strong></span> <span class='ocrx_word' id='word_1_155' title='bbox 610 3309 774 3398; x_wconf 87' lang='lat' dir='ltr'><strong>utjndicy</strong></span> <span class='ocrx_word' id='word_1_156' title='bbox 793 3317 827 3381; x_wconf 87' lang='lat' dir='ltr'><strong>el</strong></span> <span class='ocrx_word' id='word_1_157' title='bbox 850 3314 939 3400; x_wconf 82' lang='lat' dir='ltr'><strong>porti</strong></span> <span class='ocrx_word' id='word_1_158' title='bbox 956 3304 1097 3380; x_wconf 82' lang='lat' dir='ltr'><strong>nduerse</strong></span> <span class='ocrx_word' id='word_1_159' title='bbox 1122 3314 1218 3380; x_wconf 79' lang='lat' dir='ltr'><strong>sctis·</strong></span> 
     </span>
     <span class='ocr_line' id='line_1_22' title="bbox 100 3417 1220 3504; baseline 0.007 -22"><span class='ocrx_word' id='word_1_160' title='bbox 100 3417 230 3504; x_wconf 81' lang='lat' dir='ltr'><strong>laceret,</strong></span> <span class='ocrx_word' id='word_1_161' title='bbox 248 3420 367 3488; x_wconf 76' lang='lat' dir='ltr'><strong>citaret</strong></span> <span class='ocrx_word' id='word_1_162' title='bbox 383 3419 488 3486; x_wconf 82' lang='lat' dir='ltr'><strong>oolam</strong></span> <span class='ocrx_word' id='word_1_163' title='bbox 497 3417 625 3488; x_wconf 65' lang='lat' dir='ltr'><strong>meinos</strong></span> <span class='ocrx_word' id='word_1_164' title='bbox 636 3427 670 3487; x_wconf 86' lang='lat' dir='ltr'><strong>et</strong></span> <span class='ocrx_word' id='word_1_165' title='bbox 686 3427 927 3488; x_wconf 82' lang='lat' dir='ltr'><strong>commetsueos</strong></span> <span class='ocrx_word' id='word_1_166' title='bbox 938 3419 1084 3488; x_wconf 88' lang='lat' dir='ltr'><strong>eiusdem</strong></span> <span class='ocrx_word' id='word_1_167' title='bbox 1100 3420 1220 3490; x_wconf 82' lang='lat' dir='ltr'><strong>badin-</strong></span> 
     </span>
     <span class='ocr_line' id='line_1_23' title="bbox 99 3526 1219 3616; baseline 0.002 -22"><span class='ocrx_word' id='word_1_168' title='bbox 99 3529 158 3611; x_wconf 83' lang='lat' dir='ltr'><strong>lsi‚</strong></span> <span class='ocrx_word' id='word_1_169' title='bbox 184 3528 229 3595; x_wconf 83' lang='lat' dir='ltr'><strong>nd</strong></span> <span class='ocrx_word' id='word_1_170' title='bbox 257 3526 462 3596; x_wconf 88' lang='lat' dir='ltr'><strong>resciendum</strong></span> <span class='ocrx_word' id='word_1_171' title='bbox 487 3526 538 3612; x_wconf 90' lang='lat' dir='ltr'><strong>id,</strong></span> <span class='ocrx_word' id='word_1_172' title='bbox 566 3527 595 3594; x_wconf 91' lang='lat' dir='ltr'><strong>si</strong></span> <span class='ocrx_word' id='word_1_173' title='bbox 619 3527 862 3616; x_wconf 87' lang='lat' dir='ltr'><strong>possessiouem</strong></span> <span class='ocrx_word' id='word_1_174' title='bbox 887 3527 1033 3596; x_wconf 88' lang='lat' dir='ltr'><strong>eiusdem</strong></span> <span class='ocrx_word' id='word_1_175' title='bbox 1059 3527 1219 3596; x_wconf 84' lang='lat' dir='ltr'><strong>redimere</strong></span> 
     </span>
     <span class='ocr_line' id='line_1_24' title="bbox 101 3635 1217 3725; baseline 0.003 -25"><span class='ocrx_word' id='word_1_176' title='bbox 101 3637 261 3704; x_wconf 88' lang='lat' dir='ltr'><strong>noluerint</strong></span> <span class='ocrx_word' id='word_1_177' title='bbox 277 3655 341 3704; x_wconf 91' lang='lat' dir='ltr'><strong>neo</strong></span> <span class='ocrx_word' id='word_1_178' title='bbox 356 3657 408 3722; x_wconf 89' lang='lat' dir='ltr'><strong>ne,</strong></span> <span class='ocrx_word' id='word_1_179' title='bbox 425 3636 471 3704; x_wconf 83' lang='lat' dir='ltr'><strong>ad</strong></span> <span class='ocrx_word' id='word_1_180' title='bbox 487 3641 632 3704; x_wconf 84' lang='lat' dir='ltr'><strong>uestram</strong></span> <span class='ocrx_word' id='word_1_181' title='bbox 648 3637 868 3725; x_wconf 82' lang='lat' dir='ltr'><strong>presenciam,</strong></span> <span class='ocrx_word' id='word_1_182' title='bbox 885 3635 930 3704; x_wconf 86' lang='lat' dir='ltr'><strong>ad</strong></span> <span class='ocrx_word' id='word_1_183' title='bbox 950 3637 1124 3704; x_wconf 89' lang='lat' dir='ltr'><strong>terminum</strong></span> <span class='ocrx_word' id='word_1_184' title='bbox 1141 3659 1217 3707; x_wconf 92' lang='lat' dir='ltr'><strong>eou-</strong></span> 
     </span>
     <span class='ocr_line' id='line_1_25' title="bbox 99 3743 1220 3832; baseline 0.001 -22"><span class='ocrx_word' id='word_1_185' title='bbox 99 3751 273 3830; x_wconf 89' lang='lat' dir='ltr'><strong>peteutem.</strong></span> <span class='ocrx_word' id='word_1_186' title='bbox 300 3744 371 3812; x_wconf 88' lang='lat' dir='ltr'><strong>Nos</strong></span> <span class='ocrx_word' id='word_1_187' title='bbox 387 3764 467 3812; x_wconf 87' lang='lat' dir='ltr'><strong>uero</strong></span> <span class='ocrx_word' id='word_1_188' title='bbox 492 3744 713 3831; x_wconf 77' lang='lat' dir='ltr'><strong>peticionibus</strong></span> <span class='ocrx_word' id='word_1_189' title='bbox 729 3747 850 3812; x_wconf 87' lang='lat' dir='ltr'><strong>uestris</strong></span> <span class='ocrx_word' id='word_1_190' title='bbox 876 3743 1072 3814; x_wconf 80' lang='lat' dir='ltr'><strong>satisfacere</strong></span> <span class='ocrx_word' id='word_1_191' title='bbox 1088 3743 1220 3832; x_wconf 87' lang='lat' dir='ltr'><strong>cupien-</strong></span> 
     </span>
     <span class='ocr_line' id='line_1_26' title="bbox 98 3851 1218 3938; baseline 0.004 -22"><span class='ocrx_word' id='word_1_192' title='bbox 98 3859 153 3937; x_wconf 88' lang='lat' dir='ltr'><strong>tes,</strong></span> <span class='ocrx_word' id='word_1_193' title='bbox 169 3860 205 3919; x_wconf 89' lang='lat' dir='ltr'><strong>nt</strong></span> <span class='ocrx_word' id='word_1_194' title='bbox 222 3851 393 3938; x_wconf 87' lang='lat' dir='ltr'><strong>debemus,</strong></span> <span class='ocrx_word' id='word_1_195' title='bbox 411 3873 485 3920; x_wconf 88' lang='lat' dir='ltr'><strong>enm</strong></span> <span class='ocrx_word' id='word_1_196' title='bbox 501 3851 652 3938; x_wconf 89' lang='lat' dir='ltr'><strong>predicto</strong></span> <span class='ocrx_word' id='word_1_197' title='bbox 671 3853 805 3922; x_wconf 89' lang='lat' dir='ltr'><strong>bomine</strong></span> <span class='ocrx_word' id='word_1_198' title='bbox 820 3859 930 3920; x_wconf 85' lang='lat' dir='ltr'><strong>uestro</strong></span> <span class='ocrx_word' id='word_1_199' title='bbox 949 3871 1048 3920; x_wconf 91' lang='lat' dir='ltr'><strong>uuum</strong></span> <span class='ocrx_word' id='word_1_200' title='bbox 1065 3873 1106 3920; x_wconf 84' lang='lat' dir='ltr'><strong>ex</strong></span> <span class='ocrx_word' id='word_1_201' title='bbox 1123 3854 1218 3924; x_wconf 91' lang='lat' dir='ltr'><strong>nobis</strong></span> 
     </span>
     <span class='ocr_line' id='line_1_27' title="bbox 99 3961 1218 4049; baseline 0.005 -24"><span class='ocrx_word' id='word_1_202' title='bbox 99 3961 245 4029; x_wconf 89' lang='lat' dir='ltr'><strong>misimus</strong></span> <span class='ocrx_word' id='word_1_203' title='bbox 261 3981 320 4049; x_wconf 94' lang='lat' dir='ltr'><strong>pro</strong></span> <span class='ocrx_word' id='word_1_204' title='bbox 337 3961 537 4048; x_wconf 86' lang='lat' dir='ltr'><strong>testimonio,</strong></span> <span class='ocrx_word' id='word_1_205' title='bbox 562 3963 617 4045; x_wconf 89' lang='lat' dir='ltr'><strong>qui</strong></span> <span class='ocrx_word' id='word_1_206' title='bbox 632 3963 841 4048; x_wconf 91' lang='lat' dir='ltr'><strong>postmodnm</strong></span> <span class='ocrx_word' id='word_1_207' title='bbox 857 3983 922 4032; x_wconf 86' lang='lat' dir='ltr'><strong>una</strong></span> <span class='ocrx_word' id='word_1_208' title='bbox 940 3981 1012 4028; x_wconf 90' lang='lat' dir='ltr'><strong>cum</strong></span> <span class='ocrx_word' id='word_1_209' title='bbox 1029 3961 1146 4030; x_wconf 87' lang='lat' dir='ltr'><strong>eodem</strong></span> <span class='ocrx_word' id='word_1_210' title='bbox 1161 3961 1218 4031; x_wconf 92' lang='lat' dir='ltr'><strong>ho·</strong></span> 
     </span>
     <span class='ocr_line' id='line_1_28' title="bbox 99 4067 1219 4156; baseline 0.004 -24"><span class='ocrx_word' id='word_1_211' title='bbox 99 4069 182 4136; x_wconf 90' lang='lat' dir='ltr'><strong>mine</strong></span> <span class='ocrx_word' id='word_1_212' title='bbox 198 4074 314 4138; x_wconf 86' lang='lat' dir='ltr'><strong>uestro</strong></span> <span class='ocrx_word' id='word_1_213' title='bbox 331 4067 374 4136; x_wconf 80' lang='lat' dir='ltr'><strong>ad</strong></span> <span class='ocrx_word' id='word_1_214' title='bbox 398 4090 459 4139; x_wconf 92' lang='lat' dir='ltr'><strong>nos</strong></span> <span class='ocrx_word' id='word_1_215' title='bbox 477 4071 608 4139; x_wconf 90' lang='lat' dir='ltr'><strong>rediens</strong></span> <span class='ocrx_word' id='word_1_216' title='bbox 625 4069 728 4155; x_wconf 86' lang='lat' dir='ltr'><strong>dixit,</strong></span> <span class='ocrx_word' id='word_1_217' title='bbox 755 4072 843 4156; x_wconf 89' lang='lat' dir='ltr'><strong>quod</strong></span> <span class='ocrx_word' id='word_1_218' title='bbox 858 4067 945 4138; x_wconf 90' lang='lat' dir='ltr'><strong>idem</strong></span> <span class='ocrx_word' id='word_1_219' title='bbox 962 4071 994 4137; x_wconf 91' lang='lat' dir='ltr'><strong>in</strong></span> <span class='ocrx_word' id='word_1_220' title='bbox 1011 4072 1062 4139; x_wconf 89' lang='lat' dir='ltr'><strong>sui</strong></span> <span class='ocrx_word' id='word_1_221' title='bbox 1087 4090 1219 4156; x_wconf 88' lang='lat' dir='ltr'><strong>presen-</strong></span> 
     </span>
     <span class='ocr_line' id='line_1_29' title="bbox 99 4177 1220 4266; baseline 0.005 -24"><span class='ocrx_word' id='word_1_222' title='bbox 99 4178 146 4244; x_wconf 84' lang='lat' dir='ltr'><strong>eio</strong></span> <span class='ocrx_word' id='word_1_223' title='bbox 161 4177 347 4266; x_wconf 89' lang='lat' dir='ltr'><strong>predictum</strong></span> <span class='ocrx_word' id='word_1_224' title='bbox 372 4179 569 4246; x_wconf 82' lang='lat' dir='ltr'><strong>bliehnelem</strong></span> <span class='ocrx_word' id='word_1_225' title='bbox 596 4179 699 4248; x_wconf 88' lang='lat' dir='ltr'><strong>lilium</strong></span> <span class='ocrx_word' id='word_1_226' title='bbox 714 4181 888 4260; x_wconf 80' lang='lat' dir='ltr'><strong>Deueeher</strong></span> <span class='ocrx_word' id='word_1_227' title='bbox 911 4179 946 4246; x_wconf 91' lang='lat' dir='ltr'><strong>in</strong></span> <span class='ocrx_word' id='word_1_228' title='bbox 962 4181 1049 4249; x_wconf 85' lang='lat' dir='ltr'><strong>festo</strong></span> <span class='ocrx_word' id='word_1_229' title='bbox 1065 4181 1220 4248; x_wconf 77' lang='lat' dir='ltr'><strong>Translu-</strong></span> 
     </span>
     <span class='ocr_line' id='line_1_30' title="bbox 98 4287 1219 4377; baseline 0.006 -27"><span class='ocrx_word' id='word_1_230' title='bbox 98 4287 198 4356; x_wconf 88' lang='lat' dir='ltr'><strong>cionis</strong></span> <span class='ocrx_word' id='word_1_231' title='bbox 224 4287 325 4354; x_wconf 88' lang='lat' dir='ltr'><strong>Becti</strong></span> <span class='ocrx_word' id='word_1_232' title='bbox 341 4287 513 4356; x_wconf 86' lang='lat' dir='ltr'><strong>Benedicti</strong></span> <span class='ocrx_word' id='word_1_233' title='bbox 538 4287 747 4358; x_wconf 82' lang='lat' dir='ltr'><strong>Oonlessoris</strong></span> <span class='ocrx_word' id='word_1_234' title='bbox 773 4287 1010 4359; x_wconf 85' lang='lat' dir='ltr'><strong>introduxisset</strong></span> <span class='ocrx_word' id='word_1_235' title='bbox 1034 4289 1067 4357; x_wconf 92' lang='lat' dir='ltr'><strong>in</strong></span> <span class='ocrx_word' id='word_1_236' title='bbox 1091 4308 1219 4377; x_wconf 90' lang='lat' dir='ltr'><strong>posses·</strong></span> 
     </span>
     <span class='ocr_line' id='line_1_31' title="bbox 98 4393 1219 4485; baseline 0.002 -23"><span class='ocrx_word' id='word_1_237' title='bbox 98 4395 219 4464; x_wconf 90' lang='lat' dir='ltr'><strong>sionem</strong></span> <span class='ocrx_word' id='word_1_238' title='bbox 238 4393 389 4465; x_wconf 80' lang='lat' dir='ltr'><strong>Ladizlci</strong></span> <span class='ocrx_word' id='word_1_239' title='bbox 407 4393 466 4483; x_wconf 88' lang='lat' dir='ltr'><strong>filij</strong></span> <span class='ocrx_word' id='word_1_240' title='bbox 484 4397 631 4482; x_wconf 81' lang='lat' dir='ltr'><strong>Iwenlsn,</strong></span> <span class='ocrx_word' id='word_1_241' title='bbox 648 4395 775 4466; x_wconf 90' lang='lat' dir='ltr'><strong>Oberth</strong></span> <span class='ocrx_word' id='word_1_242' title='bbox 790 4398 982 4485; x_wconf 77' lang='lat' dir='ltr'><strong>predictam,</strong></span> <span class='ocrx_word' id='word_1_243' title='bbox 999 4397 1219 4466; x_wconf 79' lang='lat' dir='ltr'><strong>mansissent-</strong></span> 
     </span>
     <span class='ocr_line' id='line_1_32' title="bbox 97 4501 1215 4592; baseline 0.002 -23"><span class='ocrx_word' id='word_1_244' title='bbox 97 4522 156 4584; x_wconf 86' lang='lat' dir='ltr'><strong>que</strong></span> <span class='ocrx_word' id='word_1_245' title='bbox 171 4505 206 4572; x_wconf 94' lang='lat' dir='ltr'><strong>in</strong></span> <span class='ocrx_word' id='word_1_246' title='bbox 224 4501 343 4570; x_wconf 81' lang='lat' dir='ltr'><strong>eodem</strong></span> <span class='ocrx_word' id='word_1_247' title='bbox 361 4525 381 4568; x_wconf 88' lang='lat' dir='ltr'>a</span> <span class='ocrx_word' id='word_1_248' title='bbox 398 4505 453 4571; x_wconf 88' lang='lat' dir='ltr'><strong>die</strong></span> <span class='ocrx_word' id='word_1_249' title='bbox 478 4505 744 4592; x_wconf 89' lang='lat' dir='ltr'><strong>introduccionis,</strong></span> <span class='ocrx_word' id='word_1_250' title='bbox 767 4525 872 4592; x_wconf 88' lang='lat' dir='ltr'><strong>usque</strong></span> <span class='ocrx_word' id='word_1_251' title='bbox 889 4507 1037 4590; x_wconf 89' lang='lat' dir='ltr'><strong>quintum</strong></span> <span class='ocrx_word' id='word_1_252' title='bbox 1054 4507 1215 4575; x_wconf 87' lang='lat' dir='ltr'><strong>decimum</strong></span> 
     </span>
     <span class='ocr_line' id='line_1_33' title="bbox 98 4609 1205 4704; baseline 0.012 -31"><span class='ocrx_word' id='word_1_253' title='bbox 98 4609 180 4679; x_wconf 89' lang='lat' dir='ltr'><strong>diem</strong></span> <span class='ocrx_word' id='word_1_254' title='bbox 196 4614 326 4696; x_wconf 82' lang='lat' dir='ltr'><strong>absque</strong></span> <span class='ocrx_word' id='word_1_255' title='bbox 342 4611 467 4682; x_wconf 88' lang='lat' dir='ltr'><strong>lesione</strong></span> <span class='ocrx_word' id='word_1_256' title='bbox 492 4615 658 4701; x_wconf 79' lang='lat' dir='ltr'><strong>eiusdem3</strong></span> <span class='ocrx_word' id='word_1_257' title='bbox 684 4615 842 4686; x_wconf 88' lang='lat' dir='ltr'><strong>dixissent</strong></span> <span class='ocrx_word' id='word_1_258' title='bbox 857 4619 962 4686; x_wconf 79' lang='lat' dir='ltr'><strong>eciem</strong></span> <span class='ocrx_word' id='word_1_259' title='bbox 989 4615 1083 4685; x_wconf 82' lang='lat' dir='ltr'><strong>lrctri</strong></span> <span class='ocrx_word' id='word_1_260' title='bbox 1100 4615 1205 4704; x_wconf 85' lang='lat' dir='ltr'><strong>ipsius</strong></span> 
     </span>
    </p>
   </div>
   <div class='ocr_carea' id='block_1_4' title="bbox 0 0 1552 5168">
    <p class='ocr_par' dir='ltr' id='par_1_6' title="bbox 0 0 1552 5168">
     <span class='ocr_line' id='line_1_34' title="bbox 0 0 1552 5168; baseline 0 2"><span class='ocrx_word' id='word_1_261' title='bbox 0 0 1552 5168; x_wconf 95' lang='lat' dir='ltr'><strong> </strong></span> 
     </span>
    </p>
   </div>
  </div>
 </body>
</html>
