3072 5168
43 537 181 604 porum
196 520 355 588 Jaoobum
371 517 572 606 sepedictum
589 537 689 606 snpra
705 519 853 606 predicte
868 527 955 586 terra
971 519 1093 588 uellent
1113 537 1180 586 mo-

45 629 190 696 lestare
199 681 208 716 ,
225 649 284 697 eeu
301 649 476 716 agnouere,
493 630 657 698 tenebitur
673 629 828 714 expedire
846 626 989 716 proprijo
1006 626 1178 695 laboribus

46 740 86 800 et
104 737 285 822 expensis.
302 739 341 806 In
358 737 449 806 enine
466 738 513 804 rei
524 737 742 805 testimonium
759 735 1029 804 noetroolittorae
1047 753 1183 803 eonees·

47 844 169 912 simun
188 843 288 931 sigilli
304 847 408 914 nentri
432 845 610 914 munimine
626 847 806 915 roboratae.
831 847 953 912 Datum
969 863 1059 910 anno
1073 845 1182 911 Incor-

48 952 218 1022 nacionis
235 952 406 1022 Dominioe
420 953 463 1020 Μ.
480 951 703 1022 ducentesimo
718 952 932 1038 nonogesimo
952 952 1066 1020 tereio.

54 1181 203 1258 (Horma.
216 1185 378 1242 Vortezold
396 1185 523 1257 solymon
541 1183 612 1260 sugg
624 1203 643 1243 e
654 1183 881 1258 pemetooredek.
901 1181 1186 1256 Peneonyktpteleni

197 1275 332 1348 orentgoe
344 1275 476 1336 leveltir.
490 1275 587 1350 (iopen
599 1276 677 1334 XIV.
690 1274 773 1336 Fene.
786 1276 813 1334 4.
828 1275 898 1334 Nro.
910 1281 935 1335 2.
957 1273 1070 1348 lime.)

501 1592 754 1602 --—----——

536 1807 558 1904 l

612 2213 663 2278 51.

67 2427 118 2494 Az
143 2429 268 2516 erdelyi
292 2428 391 2516 oojda
405 2451 427 2493 a
442 2428 587 2494 dommi
611 2427 804 2495 lokoooknak
825 2427 1013 2516 nicomedi,
1033 2427 1112 2515 hoyy
1126 2425 1187 2494 IV.

69 2539 189 2604 Lmzlo
203 2541 235 2604 en
248 2539 311 2604 111.
331 2536 441 2603 Eodre
456 2535 604 2623 kirolyok
613 2537 855 2626 pnioiloqimmae'
872 2537 986 2604 ezerint
1002 2535 1192 2602 mommoleno

403 2647 512 2710 vencien
527 2643 759 2712 menomenae.
776 2647 875 2714 1293.

72 3023 116 3038 -
142 3027 188 3040 -·
213 2985 376 3074 wajvoda
400 2988 641 3076 Tranoylvonie
653 3037 663 3073 ‚
689 2996 723 3058 et
748 2991 865 3060 Oomee
886 2988 927 3056 de
953 2973 1081 3058 zolnok
1093 3039 1102 3072 ‚
1129 3005 1194 3055 nne-

73 3099 179 3165 morie
195 3097 460 3166 oommendemus
486 3095 712 3184 significantes
737 3097 899 3166 univorsis
918 3097 1121 3184 preoeneium
1136 3114 1193 3181 per

74 3211 236 3290 tenorum,
248 3204 333 3290 quod
349 3204 392 3275 od
403 3207 604 3284 instanciam,
617 3213 650 3274 et
664 3208 854 3295 peticionem
866 3201 1032 3291 hospitum
1048 3205 1081 3272 in
1091 3207 1196 3272 Dees-

75 3337 144 3386 wer
156 3313 369 3384 existeneium
381 3317 466 3384 hone
477 3315 618 3402 gratiam
628 3314 778 3383 duximus
795 3313 1034 3382 concedendam
1054 3314 1193 3380 benevo-

77 3427 117 3510 le,
127 3431 161 3491 et
172 3424 330 3504 fauorem,
339 3429 370 3489 et
381 3424 458 3507 quia
467 3423 579 3492 habito
590 3424 727 3492 oonsilio
737 3423 999 3510 eognovimnn,et
1007 3420 1197 3490 vidimus—-

80 3528 749 3618 ---—-sieutetprofeetomtiomere
760 3529 883 3599 domini
895 3527 1197 3617 Rogimprootvidi·

79 3661 149 3708 mne
166 3641 202 3708 in
218 3639 481 3710 literioLadinloi
492 3641 555 3708 Dei
565 3640 672 3726 gratia
681 3642 820 3708 illustris
833 3639 934 3727 Regis
946 3637 1124 3725 Hungorie,
1137 3654 1198 3704 neo

78 3749 281 3818 nonAndree
292 3749 355 3816 Dei
366 3746 1197 3835 gratioeimilitenssegioHongarie,vtqoortnteria

78 3857 182 3925 sorum
196 3858 386 3926 libemmob
398 3855 484 3926 omni
494 3856 741 3946 jurisdieeiene,
760 3855 923 3944 etjmiieio
934 3854 1196 3926 nostrommoffi·

81 3965 209 4036 einlinm
221 3969 385 4032 exemtnm
398 3965 471 4033 eine
480 3963 601 4030 tributo
612 3965 716 4049 possit
726 3963 884 4033 oelebrari
904 4002 933 4012 -
948 4003 989 4016 —-
1001 3999 1045 4014 -
1055 4003 1092 4015 -—
1107 3965 1195 4032 voln-

81 4093 162 4157 moe,
173 4079 207 4140 et
223 4071 344 4140 nostrie
356 4069 550 4140 ostieinlibnn
561 4079 628 4140 tom
639 4071 817 4140 comitibus
827 4091 886 4159 pro
897 4078 1042 4161 tempore
1054 4071 1195 4140 eomim·

81 4183 132 4270 tio,
152 4199 249 4264 quam
264 4217 303 4229 -
316 4215 413 4227 -—
423 4178 508 4265 quod
526 4186 725 4247 mereatores
742 4186 775 4246 et
791 4200 903 4250 omnes
918 4179 1086 4249 venientes
1096 4181 1199 4248 libere

81 4289 226 4372 veniant,
247 4286 290 4358 ad
306 4287 411 4374 ipsum
426 4289 529 4356 {emm
546 4289 761 4375 conveniant,
778 4295 811 4356 et
827 4307 940 4356 moure
956 4291 1111 4376 redeant,
1136 4311 1197 4358 nee

84 4433 123 4446 -
142 4431 186 4446 -
203 4435 247 4446 -—
267 4432 307 4444 -
323 4396 443 4482 aliquis
459 4398 590 4466 eosdem
617 4415 688 4464 eum
703 4398 770 4466 nui·
790 4399 887 4466 rebus
904 4399 1126 4484 covenientes,
1142 4401 1193 4467 vel

85 4503 279 4574 reeedentee
295 4504 336 4572 de
354 4503 479 4588 eodem,
490 4510 689 4592 presummat
698 4507 881 4592 molestare,
899 4526 955 4573 oen
973 4504 1194 4590 aliquomodo

85 4612 286 4702 perturbere.
302 4611 422 4682 Datum
433 4611 468 4680 in
483 4611 703 4704 vniaohyveo
713 4614 748 4686 in
764 4615 887 4683 oetavis
897 4614 1009 4690 Soneti
1025 4614 1195 4692 Michaelis
