3144 5180
640 323 685 391 45

585 411 739 424 nun-o-

98 522 231 607 ingum,
257 521 420 589 secundas
446 527 480 587 et
504 520 619 588 tertias
646 525 679 586 et
703 519 858 605 deinceps
875 520 1008 606 nuptias
1033 515 1216 586 successive

97 631 210 698 licitas
227 649 301 696 esse
318 629 408 712 dicit,
425 629 454 695 si
480 629 744 714 impedimentum
760 631 953 695 canonicum
976 648 1017 694 ex
1037 646 1137 694 causa
1153 625 1220 691 alia

100 759 170 806 non
183 737 336 806 obsistat.
349 737 428 823 Ipsa
439 756 570 822 quoque
587 737 807 805 Sacrosancta
817 739 965 803 Romana
975 735 1125 803 Ecclesia
1136 755 1221 801 sunr-

96 867 187 914 mum
203 855 237 915 et
251 847 384 933 plenum
409 845 589 915 Primatum
615 854 648 914 et
671 847 897 931 Principatnm
913 865 1012 932 super
1030 845 1219 913 nniversam

96 955 304 1024 Catholicam
322 956 507 1025 Ecclesiam
525 955 685 1038 obtinens,
702 976 798 1039 quem
814 975 850 1021 se
868 956 910 1022 ab
936 955 1008 1041 ipso
1027 955 1166 1022 Domino
1183 953 1217 1018 in

95 1065 205 1132 Beato
217 1065 313 1130 Petro
330 1065 561 1150 Apostolorum
587 1064 734 1150 principe
761 1083 818 1132 seu
836 1063 968 1148 vertice,
987 1062 1078 1127 cuius
1100 1063 1216 1129 Roma·

93 1191 157 1238 nus
173 1173 325 1242 Pontifex
350 1181 403 1241 est
427 1191 616 1256 successor,
642 1193 716 1240 cum
740 1173 916 1260 potestatis
940 1170 1144 1256 plenitudine
1168 1188 1220 1236 re·

94 1282 231 1366 cepisse
258 1282 419 1349 veraciter
444 1289 477 1349 et
502 1281 668 1348 humiliter
686 1283 902 1366 recognoscit,
920 1280 1006 1348 siout
1025 1299 1082 1364 pro
1100 1277 1219 1346 ceteris

95 1393 230 1457 tenetur
240 1388 319 1458 fidei
329 1389 499 1457 veritatem
515 1388 703 1474 defendere,
721 1389 769 1455 sic
785 1395 819 1455 et
834 1389 864 1454 si
879 1408 941 1472 que
951 1389 993 1455 de
1008 1386 1072 1454 lide
1088 1387 1219 1453 suborto

94 1495 219 1566 fuerint
235 1499 443 1584 questiones,
470 1517 529 1565 suo
545 1497 645 1566 debet
660 1497 779 1564 iudicio
797 1497 946 1565 diffinire.
973 1496 1025 1563 Ad
1042 1515 1141 1580 quam
1161 1515 1219 1580 po·

96 1613 167 1672 test
191 1615 353 1693 gravatus
378 1607 518 1692 quilibet
543 1609 576 1672 iu
601 1607 741 1693 negotiis
767 1607 812 1674 ad
828 1607 932 1672 lorum
957 1605 1218 1674 ecclesiasticum

93 1716 337 1800 pertinentibus
354 1715 537 1803 appellare,
549 1715 609 1784 scd
625 1723 659 1782 et
675 1717 709 1783 in
725 1713 874 1782 omuibus
891 1713 1001 1781 causis
1018 1714 1062 1782 ad
1078 1731 1216 1780 examen

92 1826 357 1894 ecclesiasticum
367 1826 594 1913 spectantibus
611 1825 655 1892 ad
670 1827 773 1910 ipsius
790 1829 899 1909 potest
914 1825 1035 1891 recurri
1051 1821 1215 1907 indicium,

92 1941 127 2000 et
144 1934 251 2000 eidem
270 1953 382 2002 omnes
408 1935 550 2003 ecclesie
573 1942 646 2002 sunt
671 1933 837 2016 subiecte,
855 1933 1066 2017 ipsarumque
1081 1931 1217 2014 Prolati,

92 2051 127 2108 et
143 2043 367 2110 obedientiam
393 2051 427 2111 et
452 2043 671 2111 reverentiam
696 2045 761 2111 sibi
777 2043 916 2129 debent;
937 2041 1025 2128 apud
1042 2059 1139 2122 quam
1166 2039 1214 2107 sic

90 2151 265 2234 plenitudo
282 2152 460 2236 potestatis
477 2152 637 2235 consistit,
654 2151 742 2235 quod
757 2151 919 2219 ecclesias
945 2155 1073 2219 ceteras
1089 2148 1133 2215 ad
1149 2151 1213 2216 sol·

90 2257 275 2328 licitndiuis
292 2267 422 2345 partem
438 2261 592 2328 admittit.
610 2260 755 2340 Quarum
771 2261 901 2343 multas,
921 2265 954 2326 et
968 2257 1211 2327 Patriarchales

89 2369 248 2454 precipue
265 2370 404 2438 diversis
430 2369 616 2454 privilegiis
643 2369 760 2436 eadem
785 2369 936 2435 Romana
950 2367 1102 2434 Ecclesia
1117 2366 1215 2431 bono·

89 2479 199 2563 ravit,
227 2496 288 2546 sua
303 2485 415 2544 tamen
441 2479 651 2564 prerogativa
675 2484 742 2546 tam
763 2477 795 2544 in
813 2476 1023 2562 generalibus
1049 2475 1215 2554 conciliis,

89 2605 192 2669 qnam
206 2587 242 2654 in
256 2587 516 2673 quibuscumque
543 2589 618 2654 aliis
645 2605 776 2674 semper
791 2589 896 2653 salua.
913 2586 1035 2652 Datum
1050 2582 1138 2672 apud
1157 2585 1215 2650 Ur·

89 2695 332 2764 bem-Veterem
348 2695 390 2760 X.
412 2695 577 2765 kalendas
602 2695 736 2781 Aprilis,
765 2691 976 2762 Pontificatus
1001 2692 1103 2758 nostri
1128 2709 1215 2759 anuo

91 2811 222 2890 quarto.

89 2999 153 3070 (lV.
168 2999 274 3056 Miklos
287 2999 365 3072 pope
382 2999 581 3072 Begostdibbl,
597 2997 727 3054 Theiner
739 2995 777 3054 id.
790 3017 827 3054 m.
843 2997 865 3052 l.
879 2997 907 3052 k.
919 2997 1011 3056 bibl
1031 2995 1211 3068 Ugyaneaou

87 3091 226 3164 pbpdnak
250 3111 269 3150 a
292 3091 434 3166 bolgdrok
456 3090 663 3162 fejedelmdhen
685 3089 722 3146 iri
735 3088 872 3146 loveleti.
886 3087 1018 3158 uejemtl
1040 3086 1109 3144 Cod.
1129 3085 1212 3158 Dipl.

502 3179 563 3236 Vll.
576 3182 605 3238 lu.
616 3182 642 3236 5.
658 3201 681 3236 r.
693 3181 757 3237 491.
771 3179 802 3248 l.)

517 3473 786 3484 —a-—a—-n-—n—
