3072 5168
571 351 727 450 ,Ε

90 545 211 629 illatis,
238 545 417 614 seeundum
434 545 577 614 vulneris
594 546 679 614 illati
695 545 933 628 quantitatem,
958 551 1066 612 utrum
1083 544 1210 612 aeitieet

91 656 208 742 major,
225 656 278 724 vel
293 655 398 723 minor
413 651 536 724 debeat
551 655 696 740 reputari
718 655 820 736 lesio,
847 661 881 722 et
897 673 954 740 per
971 672 1067 738 quern
1083 652 1209 722 eeilieet

90 762 255 845 Judieem,
274 765 327 832 vei
342 765 486 832 villicum
504 764 546 832 de
562 764 750 852 hujusmodi
767 765 892 832 lesione
908 763 1123 846 decernatur,
1140 780 1206 828 nne·

90 874 178 956 dum,
196 879 229 939 et
245 873 517 944 eonsveudinem
534 873 767 960 cyniniensem
782 874 907 941 eisdem
933 875 1083 940 velumus
1099 871 1208 937 faeere

89 981 272 1051 observari.
298 981 351 1047 Ad
366 983 428 1050 hee
443 983 638 1052 indulsimus
665 983 804 1068 eisdem,
831 989 866 1048 ut
883 984 912 1051 ei
931 982 1038 1053 Judex
1063 984 1208 1068 ipserum

88 1110 150 1177 pre
166 1097 315 1176 tempera
325 1091 530 1170 eonstitutua,
547 1092 580 1156 in
603 1091 802 1176 exhigendie
812 1090 957 1177 judiciis,
975 1109 1033 1158 seu
1045 1089 1121 1156 aliie
1136 1108 1209 1176 gra·

86 1199 275 1269 vaminibue
291 1197 472 1266 inferendis
488 1219 525 1266 ee
544 1199 696 1267 redderet
723 1199 923 1284 pertinacem
948 1206 981 1264 et
997 1217 1159 1285 severum,
1175 1197 1208 1264 in

88 1327 167 1393 quo,
184 1309 268 1374 etin
285 1309 403 1392 quibua
421 1308 559 1376 libertae
582 1308 728 1390 ipserum
743 1309 942 1395 populorum·
960 1315 1145 1376 nestrorum
1162 1308 1210 1373 in-

89 1415 191 1501 niegi
206 1416 395 1502 videretur,
423 1419 550 1500 absque
563 1415 680 1500 judieii
698 1419 912 1502 gravamine,
930 1435 988 1485 eeu
1008 1418 1157 1504 eujuevia
1172 1417 1209 1483 ti·

89 1547 181 1596 more
197 1547 282 1615 pene
298 1547 363 1594 non
379 1527 533 1594 obstante
546 1533 683 1612 poeeunt
698 1524 798 1593 iidem
815 1527 925 1612 pepuli
942 1529 1048 1595 nentri
1059 1527 1080 1596 J
1083 1523 1209 1594 udinem

93 1655 199 1718 auum,
217 1636 324 1702 donee
340 1655 438 1724 euper
454 1637 676 1720 ipeonegoeie
693 1655 753 1703 noe
769 1637 949 1719 eoneuiant,
966 1634 1154 1723 prohibere.
1172 1633 1210 1702 ln

94 1745 190 1829 enjus
220 1745 268 1812 rei
295 1745 516 1812 testimonium
552 1751 584 1810 et
608 1751 798 1830 perpetuam
824 1743 1009 1812 firmitatem
1034 1748 1206 1830 presentes

95 1851 322 1919 eeneeaeimue
347 1852 475 1920 litterae
501 1852 604 1938 sigilli
621 1851 724 1917 nostri
740 1853 916 1919 munimine
942 1853 1125 1920 roboratae.
1143 1849 1210 1916 Da·

90 1967 160 2025 turn
176 1959 263 2026 Albe
288 1964 407 2043 quarto
434 1959 489 2026 die
514 1960 780 2030 Resurreeeionie
797 1959 947 2044 Domini,
975 1979 1061 2028 anno
1075 1956 1210 2028 Domini

87 2066 149 2134 M⁰.
167 2065 247 2134 00⁰.
267 2066 483 2154 nonagesimo
500 2069 623 2150 quinte.

146 2261 290 2332 (Teeaeh
304 2263 335 2320 ee
348 2263 527 2331 Firnhaber,
544 2264 730 2322 Urkundenb.
745 2284 769 2322 e.
783 2265 880 2324 (resen
901 2263 1037 2324 Siebenb.
1059 2267 1080 2321 1.
1096 2267 1156 2322 ket.

603 2354 663 2410 188.
676 2354 706 2427 l.)
