3094 5168
823 337 977 438 Q

338 534 506 604 contineri.
524 533 720 603 Adiecerunt
736 536 859 623 seiam,
885 538 972 620 quod
988 539 1079 606 faeta
1094 536 1281 610 bninsmorli
1305 542 1453 610 reambu-

335 641 462 711 laoione
479 649 591 726 partes
618 641 765 730 predicte
791 663 850 731 per
866 643 1036 710 arbitrium
1054 647 1211 716 nobilium
1236 650 1375 715 virorum
1392 651 1454 718 Bo·

335 753 401 836 god
416 760 449 819 et
462 749 622 836 Stephani
638 749 696 836 filij
714 750 786 817 Aba
810 749 989 832 Comitum,
1017 755 1240 823 amicabilium
1257 756 1452 843 oomposito-

334 883 423 948 rum,
447 867 579 946 propter
596 859 714 926 bonum
740 860 832 944 paois
850 859 892 926 ad
909 863 1084 931 concordie
1101 865 1256 934 unionem
1280 864 1451 934 devenien-

333 979 397 1058 tes,
413 981 443 1038 et
459 969 598 1036 eandem
613 973 732 1036 terram
749 969 903 1056 Koarzeg
919 979 1069 1040 uocatam
1086 977 1217 1042 aterris
1232 975 1451 1062 predictorum

333 1081 489 1150 nobilium
504 1085 693 1168 separatam
710 1079 855 1164 antiquis
882 1084 977 1150 matis
993 1083 1097 1168 ipsius
1121 1085 1289 1154 renouatio
1305 1085 1452 1169 reliquis·

333 1195 406 1259 aeut
422 1189 528 1256 eidem
543 1187 702 1274 magistro
725 1187 857 1256 Andree
882 1209 963 1276 pure
980 1199 1013 1258 at
1029 1193 1239 1281 simpliciter,
1267 1193 1402 1281 pacilioe
1419 1203 1452 1261 et

332 1299 441 1383 quiete
457 1295 646 1386 possidere,
672 1296 821 1364 omnibus
838 1297 948 1366 litibus
972 1301 1200 1384 questionibus
1216 1307 1248 1370 et
1266 1303 1451 1372 contencio-

331 1408 429 1477 nibus
445 1426 543 1494 super
559 1405 647 1474 laeto
664 1404 810 1474 eiusdem
836 1411 921 1477 terre
936 1411 1022 1476 inter
1036 1417 1147 1496 partes
1163 1411 1207 1477 ab
1223 1411 1358 1494 antiqno
1374 1428 1449 1476 aus-

331 1517 459 1586 soitatis
474 1514 599 1586 sedatis
624 1515 754 1602 penitus
769 1519 803 1583 et
819 1513 946 1602 sopitis.
963 1517 1108 1596 Quarum
1124 1518 1255 1603 quidem
1280 1525 1450 1602 terrarum,

330 1627 458 1696 seilioet
473 1625 626 1711 Koarneg
650 1623 772 1711 prefati
797 1626 950 1712 magistri
976 1627 1128 1712 Andree,
1156 1625 1248 1696 Koar
1271 1633 1305 1695 et
1330 1628 1449 1695 Gbala-

329 1737 396 1804 mia
410 1733 630 1822 predictorum
646 1731 802 1802 nobilium
820 1731 861 1802 de
877 1735 1052 1804 (thalamis
1060 1787 1069 1822 ,
1086 1742 1174 1806 meto
1192 1745 1226 1804 et
1241 1737 1372 1804 termini
1388 1737 1451 1806 boe

330 1844 444 1914 ordina
468 1843 716 1930 distinguntur:
741 1841 853 1909 Prima
878 1849 966 1912 meta
985 1844 1101 1932 iuoipit
1124 1867 1147 1915 a
1170 1851 1266 1933 parte
1291 1847 1447 1914 orientali

329 1953 370 2021 de
386 1960 474 2022 terra
493 1953 644 2036 Koaraeg
657 1957 796 2036 uoeata,
820 1951 877 2020 vbi
893 1959 967 2020 sunt
983 1952 1046 2020 due
1062 1961 1149 2024 mete
1163 1961 1270 2023 terrea
1284 1954 1378 2023 iuxta
1393 1954 1450 2022 llu-

330 2061 415 2130 uium
433 2062 531 2150 anl‚
547 2065 581 2128 et
596 2059 641 2130 ibi
660 2057 749 2126 eadit
764 2061 797 2126 in
814 2061 920 2146 ipsum
931 2059 1064 2130 fluuium
1077 2063 1184 2150 Ypul;
1201 2059 1323 2132 deinde
1338 2071 1450 2133 antem

328 2171 435 2257 tendit
450 2189 566 2239 nereus
582 2169 750 2236 meridiem
777 2170 821 2237 ad
837 2176 958 2239 terram
975 2170 1151 2260 anperti,
1169 2193 1233 2259 qne
1248 2175 1335 2246 Riba
1349 2194 1447 2243 voea-

329 2286 391 2363 tur,
409 2285 442 2347 et
457 2278 555 2347 ourrit
569 2279 604 2345 in
620 2277 695 2364 ipsa
712 2297 799 2363 aqva
815 2298 875 2366 per
888 2299 1042 2368 magnum
1053 2283 1200 2368 spacium
1217 2283 1335 2366 eundo,
1352 2289 1387 2350 et
1402 2285 1447 2351 ibi

328 2391 418 2457 uenit
433 2390 476 2458 ad
495 2388 669 2457 haradissa
680 2383 726 2476 (l)
743 2391 843 2457 eastri
860 2390 894 2458 in
911 2411 1009 2459 vnum
1025 2411 1141 2462 nemus
1166 2395 1210 2462 ad
1227 2395 1445 2478 ooeidentem,

326 2496 414 2582 quod
437 2499 525 2584 wigo
542 2494 642 2562 lobuo
657 2493 787 2583 dieitur,
804 2507 837 2567 et
858 2519 963 2588 prope
989 2502 1081 2568 illum
1104 2503 1314 2570 monticulum
1331 2523 1445 2589 parum

326 2603 557 2675 descendendo
574 2611 650 2672 snut
665 2605 728 2674 due
745 2611 832 2674 mete
848 2615 965 2695 terroe,
982 2615 1015 2675 et
1032 2611 1065 2676 in
1082 2610 1198 2680 eodem
1215 2629 1350 2680 nemore
1374 2619 1446 2678 sunt

327 2715 390 2784 dne
407 2722 514 2784 terrea
530 2723 615 2783 mete
624 2767 634 2802 ,
662 2713 718 2781 nbi
735 2714 839 2782 eniam
853 2722 904 2782 est
919 2736 985 2785 rna
1000 2717 1074 2800 nia,
1092 2737 1155 2802 que
1172 2719 1240 2786 exit
1259 2719 1302 2787 de
1319 2719 1375 2788 illo
1391 2738 1443 2786 ne·

324 2844 424 2910 more,
441 2832 474 2892 et
489 2825 608 2892 transit
623 2845 722 2891 unam
738 2843 893 2911 magnam
911 2825 1008 2910 viam,
1027 2828 1082 2894 vbi
1099 2833 1174 2894 sunt
1190 2825 1252 2894 dne
1267 2835 1354 2896 mete
1371 2835 1439 2894 ter-

323 2955 398 3022 ree;
414 2931 645 3003 etiudeteudit
655 2953 714 3019 per
724 2941 830 3002 terras
840 2935 987 3004 arabiles
1003 2934 1047 3001 ad
1058 2954 1153 3004 vnam
1163 2953 1301 3023 paruam
1313 2936 1442 3013 siluam,

324 3043 411 3128 quod
435 3043 522 3130 wigo
547 3042 708 3111 voeabulo
733 3051 893 3108 erartewen
917 3041 1047 3129 dieitur,
1073 3043 1133 3110 sub
1158 3043 1250 3110 euius
1276 3041 1342 3110 tine
1364 3053 1439 3110 sont

324 3149 388 3221 due
403 3161 509 3222 terrea
525 3160 631 3230 mete,
658 3157 691 3218 et
707 3151 755 3219 sie
770 3151 864 3218 iuxta
880 3152 971 3220 illam
996 3151 1112 3221 siluam
1137 3152 1240 3220 ourrit
1262 3171 1323 3237 per
1338 3159 1438 3218 metas

321 3283 425 3332 nonas
450 3279 564 3328 versus
588 3267 692 3328 motas
718 3261 861 3346 priores,
892 3260 946 3331 vbi
971 3269 1047 3330 sunt
1070 3263 1284 3330 nommetanei
1313 3262 1437 3328 nobiles

322 3374 364 3442 (le
379 3372 572 3456 Obalamia5
597 3389 662 3456 que
678 3370 806 3453 quidem
824 3372 910 3438 silva
927 3381 1085 3437 eromenes
1111 3371 1243 3440 omnino
1268 3377 1436 3439 remanent

323 3485 409 3549 intra
425 3488 529 3549 metas
558 3478 600 3545 ad
626 3485 747 3546 terram
762 3479 916 3564 Kourueg
939 3486 1092 3549 vocatam
1109 3485 1143 3547 et
1166 3486 1383 3568 pemotatam‚
1407 3485 1438 3542 et

322 3591 371 3658 sie
388 3589 588 3657 terminatur.
613 3589 780 3671 Proterea,
797 3587 824 3654 si
842 3585 980 3672 predieti
996 3589 1125 3656 nobiles
1142 3589 1315 3656 Pannanus
1332 3593 1366 3652 et
1381 3587 1431 3655 Oo-

321 3715 391 3765 mea
407 3696 564 3764 Nicolaus
579 3692 621 3762 de
639 3692 823 3778 chalamie,
842 3693 933 3763 Beko
949 3701 983 3764 et
998 3695 1176 3764 Ladislaus
1192 3694 1251 3781 filij
1269 3695 1353 3779 eius,
1369 3696 1435 3762 Ale·

321 3807 395 3872 xius
411 3805 498 3872 lilius
514 3803 695 3888 Felieiani,
719 3810 754 3870 et
768 3801 937 3870 lohannes
954 3802 1040 3872 illins
1056 3803 1231 3872 Laurenoii
1248 3804 1362 3889 aliqua
1375 3803 1432 3888 pri-

320 3915 455 4002 vilegia,
472 3913 597 3983 litteras
615 3914 668 3980 uel
685 3915 901 3983 instrumenta
917 3933 1015 4000 super
1032 3913 1120 3983 laeto
1136 3913 1264 4002 prolate
1274 3920 1361 3980 terre
1377 3913 1433 3979 Ko-

322 4045 423 4112 arzeg
439 4031 555 4093 voeate
569 4023 603 4089 in
618 4022 767 4091 fraudem
778 4033 1014 4110 reseruaseent,
1032 4023 1248 4112 caesenate,
1265 4029 1300 4092 et
1315 4025 1431 4102 inanes,

320 4143 352 4205 et
369 4133 499 4202 omnino
516 4133 585 4200 suis
601 4131 724 4201 uiribus
748 4139 890 4201 vacuate
907 4133 1117 4202 haberentur.
1142 4137 1179 4203 Iu
1197 4132 1289 4201 euius
1312 4133 1360 4198 rei
1375 4148 1429 4196 me·

318 4244 453 4312 moriam
470 4249 503 4309 et
513 4247 706 4328 perpetuam
723 4241 907 4311 firmitatem
918 4241 1124 4328 presentibus
1141 4239 1283 4326 sigillum
1294 4246 1428 4310 nostrum

318 4351 470 4420 duximus
496 4352 735 4439 apponendum.
752 4350 873 4418 Datum
890 4351 923 4417 in
941 4351 1114 4419 Dominioa
1129 4349 1248 4420 Judioa
1263 4351 1334 4434 lie,
1354 4364 1428 4415 anno

317 4461 454 4528 Domini
468 4461 519 4529 Mo
535 4461 605 4529 00⁰
620 4458 834 4544 nonagesimo
851 4465 979 4528 oetavo.

471 4619 632 4693 (Eredetirit
647 4621 762 4676 turolte
774 4617 870 4676 velem
883 4617 916 4676 T.
932 4619 1126 4690 Szeant'rdlyi
1138 4621 1227 4675 Ldezlcl
1239 4617 1293 4692 uir.)
