3072 5168
559 287 718 387 ..J-i„

64 485 152 550 dam
181 485 366 572 porcionem
393 505 486 552 snam
511 483 806 569 possessionariam
838 481 1039 552 hereditario
1060 487 1135 569 jure
1161 483 1194 549 in

64 593 168 659 Looh
184 595 291 678 ipsum
307 593 456 678 exeeptis
472 593 548 680 alijs
559 594 715 678 proximis
730 597 764 657 et
773 590 966 677 propinquis
982 592 1196 678 snistangon·

66 709 140 768 tem
157 701 289 788 priuata
306 707 340 768 et
356 703 525 784 absolute,
551 701 583 768 io
600 701 769 768 vicinitate
793 699 942 785 magistri
958 701 1030 766 Abe
1046 699 1104 787 filij
1122 701 1194 768 Aba

68 809 234 878 nobilium
251 811 293 878 de
308 811 424 894 Zonor,
442 817 476 877 et
492 809 645 877 Ciuitatis
661 810 703 876 do
718 806 833 895 Tynna
842 807 1044 895 existentem,
1061 829 1194 894 prason·

68 921 167 988 tibus
191 931 224 984 et
248 917 532 986 oonsenoientibus
557 917 739 1002 prenotatis
764 917 922 1002 proximis
947 922 980 984 et
1004 917 1197 1000 oonsangui-

67 1029 150 1096 neis
167 1047 209 1096 ao
225 1025 292 1094 suis
310 1025 450 1094 afinibus
476 1046 535 1111 pro
552 1023 697 1094 remedio
722 1030 755 1091 et
769 1025 939 1111 refrigerio
956 1026 1063 1092 animo
1078 1045 1196 1113 paren·

67 1144 145 1203 tum
161 1155 205 1202 ao
229 1135 461 1222 proximorum,
477 1153 628 1217 suornm,
654 1151 694 1200 ao
710 1153 768 1200 sne
792 1135 925 1220 proprie
935 1183 943 1219 ,
970 1153 1038 1200 neo
1055 1154 1121 1202 non
1136 1153 1197 1219 pro

68 1255 193 1314 eterne
210 1246 328 1314 salutis
339 1246 459 1315 bronio
475 1242 664 1333 optinendo,
680 1242 831 1311 diseretis
850 1244 930 1312 viris
946 1243 1121 1312 Canoniois
1137 1245 1197 1309 Eo-

67 1353 181 1423 olesie
198 1352 374 1420 Nitriensis
389 1355 423 1420 in
437 1359 629 1437 perpetuom
645 1351 857 1419 elemosinam
870 1351 1017 1420 dedisset
1032 1359 1066 1420 et
1082 1350 1198 1420 donas·
1236 1412 1240 1422 .
1266 1363 1268 1372 ·

68 1472 148 1549 set,
174 1481 247 1529 onm
263 1461 414 1528 omnibns
433 1461 501 1529 suis
527 1460 725 1530 vtilitatibns
750 1467 783 1528 et
799 1459 1012 1549 pertinenoiJ's
1036 1461 1199 1529 vniuorsis

68 1573 269 1657 tenendam,
287 1569 521 1658 possidendam
537 1576 570 1637 et
584 1569 786 1639 habendam.
801 1569 843 1636 nt
858 1590 900 1638 no
911 1571 1067 1657 temporis
1083 1572 1116 1638 in
1127 1591 1198 1659 pro-

68 1701 177 1751 oessu
193 1699 253 1767 per
267 1679 435 1766 quoslibet
450 1677 616 1763 proximos
632 1696 710 1744 snos
727 1677 870 1746 hnionne
880 1677 1056 1748 donaoioni
1072 1680 1199 1764 aliqna-

68 1792 117 1860 lis
134 1789 381 1873 nontradiooio,
397 1793 455 1856 aut
469 1785 642 1856 renooaoio
658 1786 763 1871 possit
778 1786 939 1868 inueniri,
962 1793 1094 1858 nostres
1113 1789 1199 1860 litto·

68 1919 133 1968 ras
143 1895 379 1983 priuilegiales
395 1893 503 1964 eidem
514 1893 666 1982 capitulo
676 1899 798 1963 extnno
814 1915 874 1982 per
889 1896 1020 1966 eosdem
1032 1916 1107 1965 snos
1125 1917 1198 1984 pro-

69 2009 185 2077 ximos
201 2007 333 2074 anobis
359 2005 447 2075 idem
463 2003 606 2074 Miohoel
633 2003 707 2072 dari
730 2005 927 2092 postulauit,
953 2025 1036 2090 quas
1052 2027 1114 2076 nos
1128 2007 1199 2076 dari

68 2119 219 2187 teoimns
235 2116 334 2184 modo
349 2116 534 2204 prescripto
561 2114 621 2183 snb
639 2112 748 2198 sigillo
765 2121 876 2182 nostro
895 2115 1053 2200 pendenti
1068 2115 1200 2185 iusticia

69 2224 260 2294 mediante.
276 2223 398 2291 Datum
409 2223 511 2290 teroio
528 2221 584 2290 die
600 2227 675 2307 post
690 2219 810 2290 festum
820 2222 944 2290 Vrbani
961 2223 1051 2309 Papo
1068 2231 1102 2291 et
1117 2244 1199 2292 mar-

70 2335 152 2404 tiris
169 2351 259 2401 anno
275 2329 408 2400 Domini
423 2332 474 2397 Μο
489 2331 559 2400 00⁰
574 2331 787 2415 nonagesimo
810 2331 965 2400 seeundo.

71 2529 218 2602 (Hdrtya.
230 2525 410 2584 Rdnsasninii
425 2528 553 2598 selymen
576 2527 648 2598 iiigg
661 2545 680 2583 a
692 2523 793 2598 peosdt
814 2525 943 2584 tdreddir.
964 2526 1201 2600 Pozsonykdpta·

169 2618 233 2676 lani
249 2615 388 2693 orssdgos
402 2617 525 2677 levdltdr
538 2615 634 2690 Capsa
646 2617 725 2674 XIII.
740 2617 823 2676 Fano.
837 2621 863 2675 1.
875 2605 985 2677 Nion.
998 2619 1112 2706 Kaous.)

539 2905 730 2920 ψ
