3094 5168
869 227 1026 328 jue„

391 424 451 492 lice
467 423 711 510 possidendam,
728 427 899 493 tenendam
917 426 1154 494 ethsbendam.
1172 425 1337 512 volentes,
1348 431 1383 492 vt
1396 425 1491 492 nullm

390 535 506 602 Comes
523 533 757 618 Suprnniensis
777 555 835 619 pro
859 542 1006 621 tempore
1023 537 1226 618 constitutus,
1243 554 1305 604 neo
1321 534 1419 603 eciem
1442 533 1490 616 alij

390 641 503 728 aliqui,
524 641 689 730 predictos
716 641 818 726 ciues,
843 643 930 710 idest
955 640 1100 728 hospites
1125 649 1255 710 nostros
1278 644 1320 710 de
1344 643 1490 727 Supruuio

390 749 521 818 racione
536 750 723 818 medietatis
739 751 849 821 tributi
865 749 1006 836 predicti
1022 757 1055 817 et
1070 750 1244 818 utilitatum
1260 770 1389 819 suarum
1404 749 1490 836 impe·

389 866 460 924 tere
475 857 597 927 audeat
606 863 677 928 siue
688 859 793 926 eciam
809 859 997 928 molestare.
1010 857 1047 925 In
1065 861 1156 926 cuius
1172 860 1219 926 rei
1237 860 1422 926 memoriam
1432 875 1491 940 per·

388 975 584 1053 peteremque
602 965 788 1034 firmitatem
805 973 978 1051 presentes
998 967 1219 1036 concessimus
1235 969 1363 1035 litteras
1379 967 1491 1052 duppli-

387 1075 434 1144 eis
451 1075 553 1161 sigilli
570 1079 669 1145 nostri
688 1078 863 1142 munimine
879 1077 1058 1144 roboratas.
1085 1075 1205 1142 Datum
1230 1095 1289 1160 per
1307 1095 1419 1144 manue
1437 1072 1490 1138 dis-

387 1185 464 1250 creti
480 1186 540 1251 viri
559 1183 706 1270 magistri
727 1184 878 1271 Gregorij
898 1185 1051 1253 Albensis
1069 1187 1214 1254 Ecclesie
1231 1187 1337 1253 illecti
1347 1183 1452 1251 dilecti
1467 1192 1490 1244 el

387 1289 494 1358 fidelis
512 1291 621 1373 nostri,
633 1312 718 1357 anno
730 1291 862 1359 Domini
878 1291 1009 1360 M⁰cc⁰
1025 1294 1236 1376 nonagesimo
1253 1291 1403 1377 septimo,
1414 1289 1490 1372 quin·

387 1397 549 1466 todeoimo
581 1398 743 1466 kalendas
775 1397 992 1482 Novembris,
1017 1399 1121 1483 Regni
1146 1408 1255 1466 autum
1286 1399 1387 1468 nostri
1416 1415 1489 1462 suno

388 1515 515 1574 octauo.

376 1703 533 1775 ¹(hiredetie
546 1701 635 1776 friggd
647 1701 789 1776 pecsdtlcl
799 1701 930 1774 Soprouy
943 1701 1027 1759 vdros
1038 1700 1246 1760 leudltdrdbsn.
1264 1705 1376 1758 Hemone
1387 1702 1491 1766 usluto.)

912 2545 969 2610 db.

386 2743 451 2809 ΙΙΙ.
473 2742 579 2825 Eudre
598 2741 704 2826 kr'ruily
721 2763 740 2802 α
765 2743 912 2826 soprorryr'
932 2739 1120 2826 polycbokct
1143 2764 1163 2803 a
1180 2735 1351 2824 cdmfiaete's
1365 2736 1428 2802 olel
1438 2735 1491 2822 sel-

839 2849 941 2912 menti.
959 2848 1055 2914 1297.

449 3075 456 3110 ι
492 3046 643 3113 Andreas
653 3045 717 3114 Dei
729 3042 842 3131 grecia
852 3044 1030 3130 Huugsrie,
1043 3045 1222 3131 Dalmaoie,
1235 3042 1380 3120 Groaeie
1390 3045 1492 3120 Reme,

385 3155 508 3239 Seruis,
523 3152 671 3230 Gallicis,
688 3153 887 3238 Lodomerie,
904 3153 1068 3236 Cumanis,
1081 3153 1299 3238 Bnlgariequc
1310 3153 1390 3234 Rex,
1405 3151 1494 3216 omni·

385 3265 447 3331 bue
464 3261 584 3330 Christi
599 3259 744 3328 fidelibus
770 3268 838 3328 tem
853 3262 1060 3347 presentibus
1086 3283 1182 3346 quam
1208 3261 1325 3330 futuris
1352 3260 1493 3330 noticiam

386 3371 592 3458 presencium
617 3369 779 3438 habituris
805 3369 945 3440 salutem
971 3371 1002 3436 in
1020 3369 1159 3439 Domino
1185 3371 1424 3456 sempiternam.
1448 3367 1494 3435 Ad

387 3482 607 3548 uniuersorum
625 3479 777 3547 noticiam
804 3477 917 3546 harum
936 3481 1019 3547 serie
1035 3481 1184 3547 volumus
1202 3479 1393 3564 pervenire,
1415 3473 1495 3560 quod

385 3609 457 3657 curu
475 3592 564 3658 cives
580 3609 639 3657 seu
655 3590 803 3674 hospites
828 3588 933 3655 nostri
949 3590 990 3656 do
1009 3589 1171 3674 Suprunio
1197 3597 1337 3674 propter
1354 3606 1494 3674 guerram

386 3698 491 3780 Regni
508 3698 612 3764 nostri
628 3697 838 3764 intrinsecam
850 3705 882 3760 et
899 3695 1091 3764 discrimina
1101 3697 1227 3764 viarum
1244 3717 1265 3762 a
1283 3699 1392 3764 multis
1404 3703 1494 3760 retro-

387 3804 493 3888 lapsis
509 3805 707 3892 temporibus
724 3823 783 3890 pro
800 3804 998 3888 acquirendo
1015 3805 1185 3874 commodo
1209 3807 1355 3892 ipsorum
1372 3813 1402 3871 et
1415 3803 1495 3870 rictu

386 3933 446 4000 per
462 3913 617 3984 ambitum
633 3913 741 3999 Regni
765 3913 866 3979 nostri
884 3911 1060 3998 procedere
1083 3933 1141 3997 pro
1171 3915 1393 4002 mercimouijs
1415 3915 1495 3997 ipso·

386 4043 458 4089 rum
482 4022 714 4090 contrahendis
737 4039 828 4087 more
845 4022 1025 4104 antiquitus
1052 4031 1209 4090 cousuelo
1235 4023 1445 4108 nequiuerint,
1467 4028 1495 4083 et

387 4129 429 4197 oh
456 4128 516 4194 hoc
544 4127 641 4197 iidem
668 4129 816 4214 hospites
842 4129 944 4197 nostri
970 4129 1067 4197 rebus
1096 4130 1333 4214 temporalibus
1361 4127 1495 4198 destituti

387 4237 453 4302 sint
470 4244 501 4302 et
518 4239 668 4322 oppressi
686 4242 900 4324 paupertate3
926 4255 985 4302 nos
1003 4255 1042 4302 ex
1059 4235 1161 4306 olfioii
1177 4240 1282 4306 nostri
1299 4240 1409 4306 debito
1424 4237 1495 4301 rele-
1538 4299 1540 4304 ,

388 4346 511 4412 uramini
540 4346 697 4414 dictorum
724 4345 889 4430 hospitum
905 4350 1088 4414 nostrorum
1114 4367 1155 4414 ex
1174 4346 1280 4431 Regia
1306 4345 1496 4434 benignitate

387 4455 557 4538 cupientes
574 4456 757 4542 prouidere,
775 4463 809 4524 ut
825 4456 969 4542 ipsorum
984 4452 1097 4542 inopie
1114 4457 1323 4538 consulatur,
1344 4457 1424 4523 hauc
1438 4453 1493 4520 eis-

386 4560 463 4630 dem
481 4562 663 4650 hospitibus
680 4566 799 4630 uostris
824 4565 865 4631 de
884 4561 1046 4648 Suprunio
1073 4566 1220 4649 greciam
1245 4565 1421 4650 specialem
1434 4562 1491 4628 dn·
