3094 5168
564 339 726 442 331-

74 543 170 611 diota
186 538 402 628 possessione
416 535 596 622 Bogurtelk
614 535 869 620 distinguentem
886 532 1078 602 erexissent.
1095 529 1138 600 Et
1157 529 1205 598 sie

71 651 294 718 terminantur
317 652 404 714 mete
427 644 651 733 possessionis
674 642 873 726 Bogartellse
889 645 1074 725 prenotate,
1099 637 1206 725 legiti-

74 759 140 827 mis
158 755 279 825 diebns
294 751 418 822 ibidem
432 751 684 836 expectantibus
701 749 831 817 nemine
847 749 1088 819 contradietore
1105 763 1205 830 appa·

75 875 183 932 rente.
203 863 323 929 Datum
340 862 374 928 in
401 861 489 928 sesto
508 861 611 926 Beato
638 858 822 926 Katharine
837 857 977 942 virginis
993 862 1026 922 et
1041 855 1207 942 martyris,

76 995 169 1042 suno
187 973 364 1062 prenotato
381 965 569 1054 (millesimo
586 965 666 1034 00⁰.
682 963 871 1034 LXXXX⁰.
888 960 1001 1052 nono).

319 1161 459 1236 (Teutsoh
472 1159 504 1220 ds
517 1159 680 1218 Fimhabor
692 1157 730 1216 id.
744 1177 780 1216 m.
793 1159 815 1216 1.
828 1158 857 1214 k.
870 1159 932 1216 214.
946 1154 977 1227 l.)

522 1461 701 1472 m
710 1464 724 1468 .-
741 1461 790 1472 .-.q

615 1988 691 2058 lle.

89 2185 121 2252 A
135 2187 231 2275 pydn'
246 2185 405 2274 maalon
428 2183 710 2276 disoaysdyleoele,
734 2183 815 2273 bopy
829 2208 851 2252 α
875 2175 1005 2252 asweri
1021 2181 1176 2272 kdptolon
1190 2185 1222 2252 ds

89 2294 241 2362 Hor-bord
254 2293 335 2382 prof
345 2316 386 2362 us
402 2293 458 2361 Osl
473 2291 692 2382 asmaetstpbdl
706 2291 849 2358 nmmos
872 2290 1225 2360 daemoniorium

161 2401 460 2490 opymolooeoeloe
479 2402 667 2491 baedbdpos
681 2405 758 2468 dton
776 2397 1036 2490 liopymltearele.
1055 2401 1154 2468 1299.

203 2599 275 2668 Nos
291 2599 483 2687 (tapitnlum
498 2599 689 2671 lauriensis
715 2597 868 2668 Eeolesie
884 2594 1002 2666 damus
1018 2617 1078 2686 pro
1094 2617 1221 2670 momo-

94 2709 159 2796 ria,
177 2709 268 2794 qnod
284 2711 447 2780 disonotus
462 2710 513 2778 vir
530 2709 692 2798 magister
707 2707 885 2796 Nieolaus,
902 2708 1095 2796 Prepesilus
1112 2709 1225 2780 castri

95 2819 227 2904 Fontei,
243 2824 313 2889 tam
330 2836 389 2905 pro
406 2837 444 2888 se
453 2865 463 2903 ,
489 2837 588 2904 quam
603 2837 664 2906 pro
680 2817 835 2905 (lapitulo
851 2814 1002 2886 Eeelesie
1020 2835 1081 2886 sue
1097 2818 1140 2886 ab
1157 2837 1225 2887 una

96 2931 218 3011 parte;
234 2925 357 2996 nobilis
371 2925 423 2996 vir
438 2926 595 3012 magister
604 2925 797 2996 Harbordns
812 2923 900 2993 ilius
910 2922 1049 2993 Oomitis
1059 2923 1225 2992 Herbordi

97 3033 139 3100 ds
155 3051 282 3118 genere
301 3033 360 3104 Osl
375 3053 418 3101 ex
433 3035 551 3121 altera,
569 3053 681 3104 eoram
694 3033 791 3102 nobis
807 3031 1028 3122 personaliter
1044 3029 1227 3117 constituti,

98 3159 206 3227 super
222 3160 334 3227 eausa,
358 3160 456 3228 quam
471 3141 559 3211 idem
575 3137 727 3210 domiuus
742 3140 936 3229 Propositus
956 3146 1070 3210 eontra
1085 3139 1228 3210 eundem

99 3247 299 3334 magistrum
308 3249 519 3320 Harbordum
533 3251 568 3319 in
579 3248 764 3334 quindenis.
781 3250 993 3319 Peuteeostes
1006 3247 1161 3318 mouebat
1170 3267 1229 3318 seu

101 3374 242 3425 mouere
256 3355 449 3428 intendebat
459 3378 572 3428 eoram
583 3357 715 3426 domiuo
731 3359 833 3443 Rege,
849 3377 910 3446 per
920 3356 1127 3426 amicabilem
1145 3377 1230 3426 oom-

101 3464 312 3551 posieiouem
337 3467 513 3551 proborum
538 3471 573 3534 et
590 3466 749 3535 nobilium
767 3465 909 3535 virorum
919 3516 930 3553 ‚
956 3463 1109 3533 uidelieet
1126 3463 1231 3552 magi·

101 3579 209 3643 smum
227 3572 415 3661 Oaraohyni
430 3573 596 3661 Propositi
617 3574 768 3644 Eeelesie
784 3581 904 3658 nostre,
921 3570 1099 3660 Domiuioij
1115 3575 1233 3658 Prepe-

105 3681 164 3748 siti
192 3680 343 3750 Eoolesie
360 3680 458 3752 Beati
481 3680 657 3750 Adalberti
683 3678 725 3750 de
749 3679 906 3765 Jouriuo,
933 3681 1055 3767 Angeli
1079 3679 1233 3751 (tustodis

103 3784 262 3856 Eeolesie
278 3795 410 3875 nostre,
435 3794 468 3858 et
483 3786 627 3857 Emerioi
644 3787 877 3858 Arohidiaeoni
893 3788 1132 3875 Musuulensis;
1155 3790 1236 3858 item

106 3894 267 3980 magistri
282 3893 342 3966 Osl
359 3895 418 3983 filij
430 3895 490 3966 Osl
505 3895 602 3982 Bani,
615 3893 755 3964 Comitis
769 3896 923 3984 Dionysij
940 3895 1000 3965 lllii
1013 3895 1238 3967 Bartholomei

107 4003 150 4072 de
167 4003 337 4088 Veaeken,
355 4002 503 4092 Dionisij
520 4003 581 4072 filii
597 4001 758 4073 Germani
773 4000 814 4073 de
829 4002 1013 4093 Gyrmoltlr‚
1033 4021 1134 4092 super
1150 4003 1237 4072 saoto

67 4143 71 4150 ·
107 4112 338 4199 possessionis
353 4110 499 4184 Ilmeuelr
514 4118 631 4182 uooate
644 4113 680 4182 in
690 4111 856 4182 comitatu
866 4111 1085 4200 Supmniensi
1095 4109 1238 4180 existen-

108 4219 156 4288 tis
165 4270 177 4306 ‚
194 4237 277 4304 quos
293 4222 415 4306 probos
430 4219 520 4289 uiros
536 4227 649 4307 partes
665 4220 880 4291 communiter
896 4220 1115 4306 adduxerant,
1132 4219 1166 4286 in
1182 4219 1240 4290 hn-

111 4325 260 4396 iusmodi
274 4329 485 4399 eoncordiam
502 4351 564 4402 seu
580 4329 833 4419 oomposioionis
856 4331 996 4400 sormam
1011 4351 1049 4400 se
1065 4330 1241 4400 deuenisse

111 4435 323 4505 retulerunt:
340 4434 493 4516 Quodne
508 4437 724 4525 interpertes
741 4438 891 4510 ulterius
913 4439 1087 4508 oontenoio
1111 4457 1242 4508 mouea-

113 4543 217 4613 turin
243 4543 337 4613 diota
361 4547 576 4634 possessione
601 4547 750 4618 llmeuoh
764 4549 866 4620 talem
886 4547 1081 4618 diuisionem
1107 4547 1192 4616 inter
1207 4565 1244 4618 se

114 4657 232 4740 partes
249 4651 398 4742 iecerint,
414 4675 474 4746 per
490 4656 668 4743 quamdam
686 4658 783 4744 rann,
799 4677 863 4744 qne
878 4656 923 4728 ab
939 4657 1064 4727 oriente
1081 4689 1125 4710 -
1139 4691 1185 4708 ·-
1200 4689 1246 4708 ·-·
