3144 5180
580 365 773 490 Α...

97 563 238 630 eundem
256 563 296 630 de
321 564 418 632 dictis
444 565 594 649 partibus
618 568 775 633 radicitus
802 567 1042 654 extirpandum·
1069 567 1148 656 Nos,
1167 571 1222 657 qui

96 675 176 740 lieet
191 672 342 740 immeriti
360 675 439 743 Jesu
458 675 591 758 Obristi,
617 675 716 759 Regis
733 679 845 759 eterni,
863 677 998 744 humani
1023 681 1155 764 generis
1172 699 1221 744 re-

98 782 299 868 demptoris,
325 783 414 849 vices
439 791 591 868 gerentes
616 784 649 850 iu
675 784 769 850 terris
789 785 906 868 grandi
931 787 1097 853 desiderio
1114 788 1220 872 singu·

96 893 205 958 lorum
230 894 369 959 salutem
394 891 596 978 appetimus,
625 901 656 958 et
684 892 728 959 ad
754 895 976 979 ampliandum
1004 899 1123 962 cultum
1148 897 1223 963 fidei

99 999 305 1082 Christiane,
332 1000 492 1067 submotis
518 1001 685 1086 quibusvis
712 1000 913 1086 obstaculis,
945 1005 1022 1070 totis
1048 1005 1221 1072 desideriis

98 1111 296 1196 aspiramus,
309 1109 351 1176 de
367 1108 551 1176 huiusmodi
567 1117 623 1176 tuo
635 1111 793 1178 laudabili
804 1119 838 1179 et
847 1113 971 1180 salubri
986 1114 1156 1200 proposito
1174 1114 1222 1180 in·

97 1219 286 1285 trementis
303 1224 414 1284 nostre
431 1218 604 1302 precordia
622 1219 806 1286 exultantes
824 1220 1072 1307 multiformiter,
1090 1229 1123 1288 et
1138 1222 1221 1305 Regi

99 1330 228 1410 Regum
243 1327 380 1413 proinde
397 1327 440 1394 ad
457 1327 638 1412 gratiarum
655 1329 805 1396 actiones
822 1329 990 1416 supplices
1010 1337 1223 1416 assurgentes

99 1436 335 1519 supplicationi
352 1435 537 1502 huiusmodi
554 1457 595 1503 ex
613 1437 742 1503 fervore
759 1455 877 1520 magne
894 1437 1079 1507 devotionis
1096 1447 1128 1506 et
1143 1441 1223 1506 inte·

99 1545 224 1630 gnitate
248 1543 326 1610 lidei
351 1543 541 1628 procedenti
568 1546 793 1614 favorabiliter·
820 1546 972 1614 duximus
992 1548 1223 1633 annuendum,

101 1653 225 1719 dilecto
240 1651 305 1718 tilio
332 1701 338 1713 .
365 1700 372 1715 .
399 1702 405 1716 .
431 1651 580 1719 Ministro
598 1653 731 1719 Ordinis
758 1653 895 1720 fratrum
914 1655 1074 1721 Minorem
1092 1654 1224 1724 Provin-

100 1763 151 1828 cie
169 1759 363 1840 sclavanie,
380 1759 435 1845 qui
452 1779 664 1846 personarum
681 1763 732 1827 sui
750 1759 882 1828 Ordinis
900 1765 1032 1849 plenam
1056 1763 1155 1830 babet
1172 1781 1225 1828 no-

99 1868 1222 1956 mmmmmwmfflmmmmfflmmmmmfflffimw·

99 1977 254 2044 ctoritate
270 1983 385 2042 nostra
401 1977 484 2044 duos
501 1975 605 2062 eligat
631 1998 671 2043 ex
688 1977 803 2044 eodem
820 1973 941 2046 Ordine
958 1981 1077 2047 iratres
1090 1981 1135 2046 ad
1152 1998 1224 2068 pre·

100 2086 193 2153 dicta
209 2085 370 2172 ydoneos,
388 2085 442 2170 qui
459 2085 525 2152 sint
535 2089 605 2152 vita
618 2093 650 2152 et
666 2089 915 2154 conversatione
932 2087 1074 2174 probati,
1092 2087 1225 2154 litterali

100 2193 242 2262 scientia
257 2193 377 2276 prediti
395 2198 427 2259 et
443 2191 586 2278 regionis
612 2194 702 2259 illius
719 2195 904 2279 ydeomatis
921 2216 987 2262 non
1004 2196 1124 2280 ignari,
1142 2214 1224 2280 quos

102 2304 146 2370 ad
162 2309 363 2370 memoratas
380 2309 493 2386 partes
514 2301 635 2388 dirigat
651 2323 710 2389 pro
736 2305 937 2372 eliminanda
955 2324 995 2370 ex
1013 2305 1137 2372 eisdem
1153 2325 1226 2389 par-

101 2407 189 2479 tibus
206 2411 352 2479 heretica
368 2412 544 2496 pravitate,
560 2433 599 2479 ac
615 2413 679 2479 tide
697 2412 870 2481 Oatboliea
886 2413 965 2480 inibi
977 2413 1098 2480 Divina
1113 2431 1226 2498 coope-

101 2527 198 2587 rante
208 2521 317 2606 gratia
328 2520 505 2587 salubriter
519 2522 718 2609 amplianda.
730 2521 1005 2605 Magnificentiam
1018 2521 1127 2607 itaque
1138 2527 1227 2585 tuam

101 2649 269 2714 rogamus,
286 2647 455 2696 monemus
473 2641 506 2696 et
522 2629 555 2696 in
571 2631 651 2698 Jesu
669 2629 799 2699 Obristo
816 2635 930 2696 nostre
947 2631 1062 2698 salutis
1082 2635 1226 2714 auclore,

101 2739 195 2806 cuius
205 2739 370 2825 negotium
380 2738 513 2824 geritur,
527 2737 685 2806 attentius
703 2739 921 2823 exhortamur,
932 2744 1092 2823 quatenus
1109 2737 1227 2804 fratres

101 2845 270 2931 predictos
284 2848 327 2914 ad
337 2847 598 2934 prosecutionem
607 2847 750 2934 predicti
765 2847 888 2931 negotii
903 2869 962 2935 per
987 2847 1108 2913 dictum
1134 2845 1227 2912 llini-

102 2964 208 3023 strum
224 2955 416 3023 auctoritate
433 2963 554 3042 nostra,
575 2964 609 3021 ut
625 2955 833 3038 premittitur,
850 2954 1031 3040 eligendos,
1048 2973 1118 3019 cum
1136 2955 1180 3021 ad
1195 2959 1227 3021 te

103 3063 1228 3151 wmmfflmmffiOmmmmmmwmmffl

103 3175 156 3242 dis
173 3171 473 3258 Apostolieeatque
485 3183 640 3259 nostram,
653 3175 750 3258 quite
767 3174 855 3238 velut
870 3171 1106 3238 benedictionis
1127 3169 1228 3237 tilium

102 3283 308 3351 carissimum
324 3285 455 3351 sincera
471 3285 505 3350 in
522 3283 661 3350 Domino
677 3283 900 3370 prosequimur
917 3281 1064 3363 caritate,
1079 3280 1227 3364 benigne,

104 3401 140 3460 ut
155 3392 294 3478 Regiam
313 3393 408 3460 decet
426 3392 673 3479 Oclsitudinem,
692 3393 844 3478 recipias,
863 3393 1016 3477 ipsosque
1033 3407 1230 3456 recommen-

103 3501 205 3568 dates
221 3501 358 3586 babeas,
376 3507 407 3567 et
424 3505 455 3568 in
468 3505 695 3589 prosecutione
713 3502 832 3588 prefati
844 3500 967 3586 negotii
979 3499 1137 3582 favorem,
1156 3516 1229 3563 eon·

102 3595 217 3676 silium
231 3619 263 3677 et
279 3610 435 3678 auxilium
453 3609 577 3678 eisdem
594 3610 776 3698 impendas,
789 3618 823 3676 ut
839 3608 976 3675 dextera
992 3605 1230 3691 Magnitudinis

103 3725 159 3786 tuo
175 3717 270 3801 irati,
298 3719 417 3785 dictum
434 3719 601 3805 negotium
628 3721 671 3786 ad
688 3717 748 3786 Dei
766 3718 897 3786 laudem
908 3768 917 3802 ,
939 3715 1126 3782 Christiane
1152 3714 1230 3782 lidei

103 3826 344 3894 exaltationem
361 3834 395 3893 ct
410 3827 456 3893 tui
480 3828 619 3894 nominis
638 3827 792 3896 honorem
813 3825 991 3893 efficaciter
1007 3830 1038 3890 et
1054 3823 1230 3891 salubriter

104 3937 288 4022 perducere
304 3938 439 4004 valeant
456 3937 500 4002 ad
517 3937 687 4022 effectum,
707 3945 803 4020 tuque
821 3957 840 4003 a
860 3935 1056 4002 retributore
1072 3932 1230 4000 bonorum

105 4048 262 4131 omnium,
279 4048 334 4131 qui
350 4065 408 4132 pro
418 4047 560 4113 minimis
576 4049 718 4130 grandia
735 4051 973 4132 recompensat,
990 4051 1067 4127 post
1081 4044 1148 4112 vite
1160 4062 1231 4126 pre·

104 4153 466 4224 sentisexitumeterne
486 4152 699 4222 beatitudinis
719 4153 842 4240 premia
852 4151 991 4239 proinde
1007 4149 1229 4235 consequaris.

105 4264 230 4330 Datum
256 4262 344 4348 apud
372 4258 661 4327 Urbem-Veterem
687 4259 727 4328 X.
755 4263 821 4328 kal.
850 4259 991 4346 Aprilis,
1019 4259 1231 4327 Pontificatus

104 4373 214 4440 nostri
232 4391 319 4440 anno
340 4379 468 4456 quarto.

153 4477 1232 4562 ln.e.m.carissimeinObristolilieHeleueRegineServielllustri.

212 4621 273 4680 uv.
287 4619 392 4675 narres
407 4618 483 4692 papa
505 4619 694 4693 Regesttlbel
707 4603 833 4674 Tbeincr
848 4617 884 4672 re.
899 4637 934 4671 m.
948 4618 969 4670 1.
985 4619 1012 4671 r.
1027 4617 1087 4671 arv.
1103 4617 1134 4687 r.)

544 4749 661 4758 ...---.--
675 4748 794 4756 *-

107 4819 379 4866 senoniensium.
394 4837 421 4847 -
436 4821 503 4861 urrn.
520 4821 538 4862 s.
998 4801 1019 4862 4
