3072 5168
843 1045 896 1110 st.

316 1302 364 1368 ΑΖ
380 1301 498 1388 erdelyi
511 1299 667 1386 kdptobzc
691 1297 972 1387 bizoaysdplcvele,
989 1298 1068 1384 bopy
1084 1297 1180 1361 Zelses
1198 1295 1367 1362 birtokauk
1382 1294 1433 1358 do-

317 1413 480 1495 tdrjdrctso
496 1409 735 1494 meptortotvcta,
755 1405 871 1493 Auso,
904 1405 997 1491 Gyan
1013 1405 1065 1489 fia
1075 1453 1085 1488 ,
1104 1403 1226 1490 Godym
1249 1403 1433 1468 birtolutbco

732 1514 902 1601 hoyyatott.
928 1515 1026 1578 1295.

422 1771 492 1840 uos
502 1769 689 1856 Capitulum
699 1768 852 1836 Arnensis
869 1766 1018 1834 naerens
1035 1766 1131 1834 nean
1146 1763 1316 1834 ntentans
1334 1767 1432 1834 Aren·
1522 1737 1523 1832 7

318 1878 428 1964 angeli
445 1879 746 1967 'dransylvauensis
774 1874 996 1961 significamus
1014 1875 1186 1956 universis,
1207 1875 1324 1956 quibus
1341 1895 1434 1963 expe·
1522 1851 1523 1928 i

319 1989 366 2054 dit
384 1989 589 2074 presencium
608 2007 667 2071 per
691 1993 855 2071 tenorem,
881 1984 970 2067 quod
995 2002 1066 2047 cum
1086 1983 1243 2068 magister
1268 1984 1433 2064 viniacus,
1522 1981 1523 2064 ζ

319 2095 436 2163 (tornes
452 2096 589 2164 Camere
612 2093 734 2162 domini
750 2093 852 2176 Regis
879 2099 911 2156 et
928 2093 971 2159 de
987 2093 1171 2175 Beztercze,
1196 2112 1253 2176 per
1272 2091 1433 2159 dominum

318 2207 440 2288 Regem
457 2211 648 2288 procurator
664 2203 885 2288 possessionis
902 2201 1008 2268 Zekss
1025 2200 1204 2282 institutus,
1228 2199 1272 2266 ad
1288 2202 1432 2268 reambu·

323 2312 453 2377 landum
471 2321 591 2378 terram
609 2311 726 2395 Zekes,
752 2316 849 2396 prout
864 2309 962 2378 moris
979 2315 1029 2376 est
1045 2315 1144 2393 atque
1156 2309 1261 2394 juris,
1286 2329 1357 2376 cum
1383 2311 1435 2376 bo·

323 2419 408 2486 mine
423 2419 545 2487 domini
570 2418 670 2504 Regis
696 2428 730 2486 et
746 2426 860 2486 nostro
876 2419 1084 2499 accessisset,
1110 2423 1142 2484 et
1157 2419 1324 2500 quandam
1339 2419 1435 2503 parti·

323 2530 430 2593 culam
447 2534 532 2595 terre
542 2527 670 2611 Godym
686 2535 812 2612 vocate,
833 2546 896 2609 que
908 2525 1087 2611 vulgariter
1104 2525 1321 2612 Ringyikirch
1337 2527 1434 2595 nomi·

321 2643 426 2713 natur,
442 2635 485 2701 ad
503 2638 604 2722 ipsam
621 2633 869 2721 possessionem
885 2635 992 2702 Zekes
1016 2641 1170 2720 spectare
1186 2643 1374 2703 constanter
1390 2657 1433 2702 as·

322 2751 454 2828 sereret,
473 2745 549 2826 quia
565 2751 674 2812 tamen
693 2745 810 2813 Comes
831 2743 985 2826 Mardus,
997 2742 1129 2829 juvenis
1147 2742 1232 2810 tilius
1253 2745 1373 2831 Gyaan
1397 2746 1434 2810 de

324 2853 485 2938 Vizakna,
502 2851 651 2918 dominus
668 2851 885 2937 possessionis
911 2850 1100 2935 supradicte
1125 2850 1255 2935 Godym
1275 2851 1434 2934 videlicet,

321 2961 378 3043 qui
393 2959 488 3027 titulo
513 2961 660 3026 emtionis
676 2961 824 3046 possedit
839 2978 942 3044 usque
959 2958 1068 3038 modo,
1084 2958 1356 3041 quemadmodum
1378 2981 1434 3026 sna

322 3088 421 3156 super
437 3069 499 3135 boc
518 3069 665 3136 exhibita
683 3070 825 3153 probant
850 3068 1061 3144 munimenta,
1087 3067 1194 3134 eidem
1219 3067 1309 3136 ciros
1334 3077 1435 3137 metas

325 3177 487 3261 particule
502 3183 589 3244 terre
605 3176 767 3261 prelibute
784 3178 991 3243 contradixit.
1009 3177 1077 3243 Sed
1092 3197 1192 3259 quum
1206 3197 1272 3244 non
1288 3178 1436 3245 obstante

325 3285 588 3352 contradiecione
604 3285 800 3372 hujusmodi,
821 3285 893 3369 ipse
909 3285 1065 3369 magister
1088 3281 1243 3353 Vinicnus
1259 3305 1359 3371 super
1369 3286 1437 3372 ipsa

325 3410 396 3457 enm
414 3394 624 3476 possessione
639 3393 778 3479 pacifice
794 3413 963 3460 remanere
986 3415 1052 3460 non
1068 3393 1208 3479 sinebat,
1224 3397 1359 3462 tandem
1373 3393 1436 3459 tale

324 3501 505 3568 remedium
521 3501 632 3588 probis
642 3505 722 3570 viris
738 3502 1034 3571 intervenientibus
1045 3511 1095 3570 est
1113 3507 1289 3586 inventum,
1305 3503 1435 3572 otidum

324 3608 465 3677 Aiardns
481 3610 609 3676 domino
626 3611 707 3698 Regi
724 3619 758 3676 et
772 3612 840 3677 suis
858 3612 1105 3697 adherentibus,
1124 3613 1281 3698 precipue
1300 3612 1365 3697 ipsi
1376 3633 1435 3678 ms-

325 3717 427 3803 gistro
442 3717 594 3802 Viniano,
614 3739 708 3784 omne
733 3719 905 3790 fidelitatis
922 3722 1115 3804 obsequium
1132 3721 1362 3806 repromittat;
1378 3743 1436 3805 qno

326 3825 413 3891 facto
429 3828 587 3912 magister
613 3824 772 3895 Vinianus
790 3828 978 3915 sepedictus
1004 3829 1175 3898 confessus
1192 3836 1243 3897 est
1258 3849 1370 3898 eoram
1386 3853 1436 3898 no-

327 3935 378 4000 bis
395 3933 438 3998 ab
453 3935 693 4017 inquietacione
713 3937 829 4003 Alardi
846 3937 988 4023 sepefati
1013 3939 1143 4007 omnino
1160 3957 1302 4021 cessare,
1320 3947 1353 4007 et
1369 3961 1436 4007 eum

326 4039 360 4105 in
375 4041 511 4127 pacifica
526 4044 737 4129 possessione
753 4046 856 4130 ipsius
872 4055 959 4113 terre
977 4047 1109 4133 Godym
1124 4067 1294 4116 reservare
1306 4049 1368 4116 snb
1384 4052 1438 4115 eis·

328 4153 401 4217 dem
425 4151 521 4218 metis
556 4160 588 4218 et
604 4153 750 4219 terminis
761 4205 771 4240 ,
792 4155 909 4237 quibus
937 4156 1029 4243 ipse,
1055 4163 1088 4220 et
1115 4157 1368 4240 predecessores
1392 4155 1438 4222 sui

327 4267 504 4327 noscuntur
515 4260 704 4344 possedisse
722 4263 864 4347 tamdiu,
882 4264 988 4330 donec
1004 4259 1084 4330 fines
1102 4264 1354 4348 promissionum
1370 4285 1438 4331 sua·
1492 4325 1494 4328 Α

328 4385 397 4433 rum
413 4387 522 4434 coram
548 4367 640 4434 nobis
657 4369 818 4436 factarum
835 4390 899 4436 non
917 4371 1064 4438 excedet.
1091 4373 1130 4436 In
1146 4373 1236 4457 cnjus
1253 4373 1302 4438 rei
1326 4393 1438 4440 memo-

328 4477 409 4540 riam
425 4481 458 4540 et
472 4475 558 4542 facte
574 4477 792 4544 ordinacionis
810 4479 1003 4563 firmitatem,
1020 4479 1063 4545 ad
1080 4479 1275 4548 instanciam
1296 4483 1437 4567 parcium

233 4599 237 4610 ·
330 4591 457 4650 nostras
478 4585 699 4651 concessimus
716 4585 845 4672 literas,
871 4589 983 4671 sigillo
1009 4595 1119 4656 nostro
1137 4589 1360 4674 consignatas.
1379 4587 1438 4652 Da-
