3144 5180
657 373 660 380 ’
684 359 704 424 9

614 455 777 470 u

133 559 242 637 nibus,
268 557 449 626 Comitibus
462 607 470 640 ,
487 555 674 624 Batonibus
690 577 730 622 ac
756 559 921 630 univorsis
950 559 1070 629 Obristi
1100 558 1256 628 fidelibus

132 687 192 754 par
211 669 358 752 Regnum
375 665 522 752 Ungaris
545 666 739 735 constitutis.

134 863 197 934 (tv.
211 863 318 921 ttlklos
331 861 410 934 pbps
421 860 619 934 Rugostsibol,
633 861 810 920 Thainarusl
820 864 1006 922 Monuments
1017 864 1072 920 stt.
1084 864 1106 918 Ι.
1121 867 1150 920 k.
1162 865 1224 922 366.
1237 867 1255 922 l.

134 953 161 1012 Δ
174 949 314 1026 ράρόηαὶ
326 969 398 1009 assu
412 951 565 1010 c'rdcmbsn
577 950 788 1010 Rudolfnomct
799 953 951 1026 kirtlyhou
965 955 1003 1009 irt
1012 953 1119 1012 levcttt
1132 957 1151 1010 l.
1162 955 1256 1027 chor·

449 1042 497 1100 nol
511 1041 580 1099 cod.
593 1043 671 1116 Dipl.
684 1043 733 1101 VI.
746 1043 806 1099 kbb.
820 1046 843 1101 l.
857 1065 878 1100 r.
892 1044 951 1115 60.)

576 1355 832 1370 ——uu—-n-—q

685 1917 716 1982 5.

135 2109 196 2174 IV.
213 2109 333 2176 Miletos
342 2117 434 2199 popu
450 2112 594 2178 mesos
609 2111 829 2202 Ιιίνάὶρχπέὴα,
845 2115 868 2179 Ι
872 2115 905 2180 V.
923 2115 1038 2182 Losalo
1054 2115 1161 2202 kirotp
1177 2124 1259 2182 broo-

581 2221 702 2308 9y6boz.
719 2223 815 2286 1290.

245 2421 404 2488 Nicotaus
420 2419 606 2505 Episcopus
633 2437 750 2487 ssruus
766 2439 934 2488 seruorum
951 2421 1014 2488 Dsi
1041 2421 1212 2490 carissimo
1227 2422 1261 2489 in

138 2527 269 2600 Christo
288 2519 356 2596 fllia
372 2527 410 2596 Ε.
427 2527 554 2612 Regina
571 2525 721 2614 Ungsris
737 2528 863 2595 illustri
879 2529 1018 2596 solutam
1046 2535 1078 2597 ct
1094 2529 1260 2615 Apostoli·

138 2655 210 2702 oam
236 2637 509 2705 benedictionem.
547 2637 661 2722 Nupcr
685 2635 728 2702 ad
754 2645 901 2705 nostrum
927 2642 1078 2724 parvenit
1102 2640 1260 2722 auditum,

139 2744 228 2828 quod
245 2745 408 2829 quondam
426 2793 434 2808 .
452 2794 460 2809 .
478 2793 486 2808 .
503 2745 575 2810 Rex
592 2743 757 2828 ungarie,
774 2745 913 2813 maritus
929 2753 1013 2830 tuus,
1024 2747 1122 2814 robus
1139 2754 1190 2813 ost
1205 2747 1261 2813 bu·

138 2855 248 2922 manis
264 2863 443 2941 exemptus.
459 2856 572 2937 Porro,
588 2853 761 2921 carissima
775 2855 810 2921 in
828 2854 958 2924 Christo
973 2855 1061 2944 lilia,
1079 2857 1139 2923 tibi
1160 2876 1260 2942 super

138 2968 195 3028 tuo
211 2982 354 3047 persono
370 2967 460 3029 statu
481 2961 588 3028 multis
616 2961 859 3028 turbationibus
884 2963 1047 3032 hactenus
1071 2963 1262 3048 fluctuante,

139 3071 219 3138 dnm
234 3072 304 3138 ch
320 3071 391 3156 ipso
409 3069 555 3156 viveret,
573 3069 740 3154 compassi
756 3069 876 3137 luimus
903 3092 943 3139 cx
960 3071 1080 3141 affootu
1090 3124 1099 3157 ,
1128 3093 1189 3140 noo
1205 3073 1262 3140 illo

141 3179 324 3247 desinimus
341 3179 486 3265 compati
502 3180 567 3246 iam
585 3179 744 3246 defuncto
754 3229 762 3262 ,
782 3179 858 3262 quin
874 3179 944 3264 libi,
971 3201 1069 3265 quam
1085 3180 1261 3252 affcctione

139 3295 281 3372 paterna
296 3287 532 3374 prosequimur,
550 3305 589 3352 eo
606 3284 762 3354 libentius
778 3287 948 3370 oportunis
965 3289 1121 3376 consiliis,
1139 3289 1260 3358 favori·
1317 3325 1319 3330 v

139 3398 204 3464 bus
220 3403 252 3461 ct
268 3396 403 3463 auxiliis
428 3396 644 3482 assistamus,
670 3415 735 3480 quo
761 3395 828 3460 illis
854 3396 1094 3479 quodammodo
1120 3399 1262 3484 amplius

140 3507 290 3572 nosceris
316 3505 475 3590 indigere.
512 3503 609 3571 Unde
635 3523 695 3570 nos
721 3503 909 3570 huiusmodi
935 3505 1023 3572 circu
1048 3511 1081 3571 ta
1110 3504 1262 3573 affectum

141 3619 290 3684 nostrum
307 3613 457 3680 volontas
474 3611 648 3679 ostendero
668 3631 727 3698 por
745 3611 914 3696 allectum,
940 3613 1184 3684 venerabilibus
1199 3614 1264 3683 lra-

139 3721 249 3790 tribus
265 3721 386 3788 nostris
401 3721 440 3786 B.
458 3718 623 3805 Episcopo
639 3717 833 3802 Eugubino,
860 3739 955 3803 quom
972 3718 1015 3786 ad
1032 3719 1180 3805 Regnum
1196 3722 1263 3790 Un-

141 3831 246 3918 guis,
264 3828 439 3896 commisso
455 3831 488 3897 in
501 3847 540 3894 oo
555 3827 619 3894 sibi
635 3834 668 3892 ot
684 3829 716 3892 in
727 3827 896 3895 nonnullis
906 3829 982 3895 aliis
998 3830 1147 3915 partibus
1164 3833 1263 3920 plena

141 3935 322 4024 legationis
339 3935 468 4020 officio,
483 3936 658 4018 mittimus,
675 3955 716 4002 ao
733 3937 833 4004 stiam
850 3937 1069 4021 Strigoniousi
1094 3939 1262 4027 Arcbiopi-

140 4065 245 4130 scopo
261 4065 320 4132 por
331 4054 461 4113 nostras
478 4047 642 4130 speciales
653 4051 686 4110 ct
702 4044 854 4112 divorsas
873 4046 1001 4113 littoras
1018 4053 1051 4113 tc
1067 4047 1262 4132 propensius

141 4163 179 4224 ct
195 4153 404 4223 affectuosius
417 4153 696 4222 commendamus.
713 4155 879 4239 Rogamus
895 4153 1008 4239 itaqua
1024 4153 1263 4225 Gclsitudinom

140 4273 234 4334 tuum
252 4271 285 4331 ot
300 4261 468 4329 hortamur
484 4263 517 4327 in
534 4259 600 4328 lilio
617 4262 677 4329 Dsi
695 4262 821 4342 Patris,
840 4269 1002 4346 quatenus
1021 4283 1082 4351 pro
1099 4271 1264 4334 nostrast

140 4369 335 4459 Apostolicc
352 4369 670 4451 Sedis-reverentia,
697 4371 816 4457 spiritu
832 4371 1066 4441 consolationis
1083 4379 1263 4460 assumpto,

140 4467 189 4550 ad
204 4482 367 4568 Legatum
383 4485 417 4546 ot
433 4480 723 4578 Archiopiscopum
749 4480 958 4566 supradictos
974 4481 1008 4548 in
1031 4481 1095 4551 tuis
1111 4501 1260 4551 recurras

139 4589 422 4678 oportunitatibus
448 4587 657 4658 conliduntur.
681 4587 750 4658 Nos
767 4591 854 4656 onim
878 4590 960 4677 ipsis
975 4607 1034 4676 por
1058 4587 1189 4660 amdam
1209 4591 1258 4660 in·

138 4699 307 4786 iungimus
323 4699 474 4786 litteras,
501 4705 537 4768 ut
553 4699 706 4768 domlitia
721 4699 837 4769 utalia
861 4700 1021 4770 bonatus
1046 4705 1258 4771 manutcnorc
