<?xml version="1.0" encoding="UTF-8"?>
<!DOCTYPE html PUBLIC "-//W3C//DTD XHTML 1.0 Transitional//EN"
    "http://www.w3.org/TR/xhtml1/DTD/xhtml1-transitional.dtd">
<html xmlns="http://www.w3.org/1999/xhtml" xml:lang="en" lang="en">
 <head>
  <title>
</title>
<meta http-equiv="Content-Type" content="text/html;charset=utf-8" />
  <meta name='ocr-system' content='tesseract 3.04.00' />
  <meta name='ocr-capabilities' content='ocr_page ocr_carea ocr_par ocr_line ocrx_word'/>
</head>
<body>
  <div class='ocr_page' id='page_1' title='image "./codexdiplomatic16wenzgoog_0157.png"; bbox 0 0 3072 5168; ppageno 0'>
   <div class='ocr_carea' id='block_1_1' title="bbox 906 965 959 1034">
    <p class='ocr_par' dir='ltr' id='par_1_1' title="bbox 906 965 959 1034">
     <span class='ocr_line' id='line_1_1' title="bbox 906 965 959 1034; baseline 0.038 -3"><span class='ocrx_word' id='word_1_1' title='bbox 906 965 959 1034; x_wconf 68' lang='lat' dir='ltr'><strong>ll.</strong></span> 
     </span>
    </p>
   </div>
   <div class='ocr_carea' id='block_1_2' title="bbox 371 1173 1478 1481">
    <p class='ocr_par' dir='ltr' id='par_1_2' title="bbox 371 1173 1478 1481">
     <span class='ocr_line' id='line_1_2' title="bbox 380 1173 1478 1269; baseline 0.005 -29"><span class='ocrx_word' id='word_1_2' title='bbox 380 1173 469 1244; x_wconf 83' lang='lat' dir='ltr'><strong><em>VIII.</em></strong></span> <span class='ocrx_word' id='word_1_3' title='bbox 486 1175 645 1262; x_wconf 79' lang='lat' dir='ltr'><strong>Bonifdoz</strong></span> <span class='ocrx_word' id='word_1_4' title='bbox 656 1181 748 1268; x_wconf 78' lang='lat' dir='ltr'><strong>pdpa</strong></span> <span class='ocrx_word' id='word_1_5' title='bbox 762 1179 876 1245; x_wconf 80' lang='lat' dir='ltr'><strong>Jdnoet</strong></span> <span class='ocrx_word' id='word_1_6' title='bbox 898 1179 1039 1246; x_wconf 71' lang='grc' dir='ltr'><strong>Ιεαίοωαὶ</strong></span> <span class='ocrx_word' id='word_1_7' title='bbox 1054 1183 1170 1249; x_wconf 57' lang='lat' dir='ltr'><strong>&amp;sokei</strong></span> <span class='ocrx_word' id='word_1_8' title='bbox 1179 1180 1397 1269; x_wconf 75' lang='lat' dir='ltr'><strong>feljopoettju‚</strong></span> <span class='ocrx_word' id='word_1_9' title='bbox 1412 1183 1478 1267; x_wconf 74' lang='lat' dir='ltr'><strong>bopp</strong></span> 
     </span>
     <span class='ocr_line' id='line_1_3' title="bbox 371 1281 1478 1377; baseline 0.005 -30"><span class='ocrx_word' id='word_1_10' title='bbox 371 1307 410 1348; x_wconf 83' lang='lat' dir='ltr'><strong>uz</strong></span> <span class='ocrx_word' id='word_1_11' title='bbox 426 1281 526 1348; x_wconf 74' lang='lat' dir='ltr'><strong>alana</strong></span> <span class='ocrx_word' id='word_1_12' title='bbox 551 1287 619 1350; x_wconf 73' lang='lat' dir='ltr'><strong>leod</strong></span> <span class='ocrx_word' id='word_1_13' title='bbox 633 1287 764 1374; x_wconf 76' lang='lat' dir='ltr'><strong>epybdza&#39;</strong></span> <span class='ocrx_word' id='word_1_14' title='bbox 778 1289 1020 1374; x_wconf 77' lang='lat' dir='ltr'><strong>turtomdnpbcm</strong></span> <span class='ocrx_word' id='word_1_15' title='bbox 1035 1294 1077 1354; x_wconf 75' lang='lat' dir='ltr'><strong>tta</strong></span> <span class='ocrx_word' id='word_1_16' title='bbox 1093 1290 1222 1377; x_wconf 74' lang='lat' dir='ltr'><strong>eqybclai</strong></span> <span class='ocrx_word' id='word_1_17' title='bbox 1238 1291 1346 1375; x_wconf 71' lang='lat' dir='ltr'><strong>epydnt</strong></span> <span class='ocrx_word' id='word_1_18' title='bbox 1363 1289 1478 1353; x_wconf 63' lang='lat' dir='ltr'><strong>seuere</strong></span> 
     </span>
     <span class='ocr_line' id='line_1_4' title="bbox 520 1391 1324 1481; baseline -0.001 -23"><span class='ocrx_word' id='word_1_19' title='bbox 520 1393 574 1458; x_wconf 81' lang='lat' dir='ltr'><strong>sbk</strong></span> <span class='ocrx_word' id='word_1_20' title='bbox 590 1391 864 1480; x_wconf 73' lang='lat' dir='ltr'><strong>tdruduylelerwdpe</strong></span> <span class='ocrx_word' id='word_1_21' title='bbox 888 1391 953 1458; x_wconf 69' lang='lat' dir='ltr'><strong>alul</strong></span> <span class='ocrx_word' id='word_1_22' title='bbox 964 1391 1324 1481; x_wconf 80' lang='lat' dir='ltr'><strong>felmentbassen.1295.</strong></span> 
     </span>
    </p>
   </div>
   <div class='ocr_carea' id='block_1_3' title="bbox 366 1587 1478 3412">
    <p class='ocr_par' dir='ltr' id='par_1_3' title="bbox 366 1587 1478 3412">
     <span class='ocr_line' id='line_1_5' title="bbox 477 1587 1478 1674; baseline 0.001 -20"><span class='ocrx_word' id='word_1_23' title='bbox 477 1587 667 1656; x_wconf 86' lang='lat' dir='ltr'><strong>Boniiaoius</strong></span> <span class='ocrx_word' id='word_1_24' title='bbox 695 1589 877 1674; x_wconf 79' lang='lat' dir='ltr'>Episcopus</span> <span class='ocrx_word' id='word_1_25' title='bbox 904 1611 1018 1658; x_wconf 87' lang='lat' dir='ltr'><strong>seruus</strong></span> <span class='ocrx_word' id='word_1_26' title='bbox 1037 1609 1203 1660; x_wconf 90' lang='lat' dir='ltr'><strong>seruorum</strong></span> <span class='ocrx_word' id='word_1_27' title='bbox 1228 1592 1290 1658; x_wconf 91' lang='lat' dir='ltr'><strong>Dei</strong></span> <span class='ocrx_word' id='word_1_28' title='bbox 1305 1591 1478 1658; x_wconf 85' lang='lat' dir='ltr'><strong>venerabili</strong></span> 
     </span>
     <span class='ocr_line' id='line_1_6' title="bbox 372 1697 1476 1784; baseline -0.001 -19"><span class='ocrx_word' id='word_1_29' title='bbox 372 1699 462 1767; x_wconf 81' lang='lat' dir='ltr'><strong>fratri</strong></span> <span class='ocrx_word' id='word_1_30' title='bbox 479 1697 620 1766; x_wconf 80' lang='lat' dir='ltr'><strong>Iohanni</strong></span> <span class='ocrx_word' id='word_1_31' title='bbox 647 1697 902 1784; x_wconf 84' lang='lat' dir='ltr'><strong>Arobiepiseopo</strong></span> <span class='ocrx_word' id='word_1_32' title='bbox 921 1698 1095 1767; x_wconf 75' lang='lat' dir='ltr'><strong>colocensi</strong></span> <span class='ocrx_word' id='word_1_33' title='bbox 1112 1700 1250 1767; x_wconf 88' lang='lat' dir='ltr'><strong>salutern</strong></span> <span class='ocrx_word' id='word_1_34' title='bbox 1274 1709 1306 1767; x_wconf 92' lang='lat' dir='ltr'><strong>et</strong></span> <span class='ocrx_word' id='word_1_35' title='bbox 1320 1699 1476 1784; x_wconf 78' lang='lat' dir='ltr'><strong>Apostoli·</strong></span> 
     </span>
     <span class='ocr_line' id='line_1_7' title="bbox 371 1805 1477 1890; baseline 0.003 -19"><span class='ocrx_word' id='word_1_36' title='bbox 371 1828 441 1873; x_wconf 86' lang='lat' dir='ltr'><strong>uam</strong></span> <span class='ocrx_word' id='word_1_37' title='bbox 458 1805 727 1874; x_wconf 86' lang='lat' dir='ltr'><strong>benedietiouern.</strong></span> <span class='ocrx_word' id='word_1_38' title='bbox 747 1805 792 1872; x_wconf 87' lang='lat' dir='ltr'><strong>Ut</strong></span> <span class='ocrx_word' id='word_1_39' title='bbox 808 1825 848 1874; x_wconf 91' lang='lat' dir='ltr'><strong>eo</strong></span> <span class='ocrx_word' id='word_1_40' title='bbox 873 1807 997 1890; x_wconf 78' lang='lat' dir='ltr'><strong>gratior</strong></span> <span class='ocrx_word' id='word_1_41' title='bbox 1023 1805 1194 1888; x_wconf 87' lang='lat' dir='ltr'><strong>habearis,</strong></span> <span class='ocrx_word' id='word_1_42' title='bbox 1213 1825 1276 1889; x_wconf 92' lang='lat' dir='ltr'><strong>quo</strong></span> <span class='ocrx_word' id='word_1_43' title='bbox 1292 1806 1477 1874; x_wconf 83' lang='lat' dir='ltr'><strong>malorena</strong></span> 
     </span>
     <span class='ocr_line' id='line_1_8' title="bbox 370 1914 1475 2000; baseline -0.002 -20"><span class='ocrx_word' id='word_1_44' title='bbox 370 1916 464 1983; x_wconf 86' lang='lat' dir='ltr'><strong>nobis</strong></span> <span class='ocrx_word' id='word_1_45' title='bbox 489 1916 628 1997; x_wconf 83' lang='lat' dir='ltr'><strong>gratiam</strong></span> <span class='ocrx_word' id='word_1_46' title='bbox 660 1914 761 1983; x_wconf 89' lang='lat' dir='ltr'><strong>fueris</strong></span> <span class='ocrx_word' id='word_1_47' title='bbox 790 1921 1002 1997; x_wconf 71' lang='lat' dir='ltr'><strong>nomenatus,</strong></span> <span class='ocrx_word' id='word_1_48' title='bbox 1030 1915 1246 2000; x_wconf 87' lang='lat' dir='ltr'><strong>dispensandi</strong></span> <span class='ocrx_word' id='word_1_49' title='bbox 1272 1936 1342 1982; x_wconf 89' lang='lat' dir='ltr'><strong>eum</strong></span> <span class='ocrx_word' id='word_1_50' title='bbox 1376 1918 1475 1982; x_wconf 82' lang='lat' dir='ltr'><strong>denen</strong></span> 
     </span>
     <span class='ocr_line' id='line_1_9' title="bbox 370 2020 1475 2108; baseline -0.002 -21"><span class='ocrx_word' id='word_1_51' title='bbox 370 2021 497 2090; x_wconf 81' lang='lat' dir='ltr'><strong>olorinis</strong></span> <span class='ocrx_word' id='word_1_52' title='bbox 513 2022 651 2108; x_wconf 76' lang='lat' dir='ltr'><strong>ydoneis</strong></span> <span class='ocrx_word' id='word_1_53' title='bbox 667 2027 721 2088; x_wconf 87' lang='lat' dir='ltr'><strong>tue</strong></span> <span class='ocrx_word' id='word_1_54' title='bbox 741 2021 912 2089; x_wconf 85' lang='lat' dir='ltr'><strong>Prorinoie</strong></span> <span class='ocrx_word' id='word_1_55' title='bbox 923 2020 1084 2092; x_wconf 87' lang='lat' dir='ltr'><strong>deieotum</strong></span> <span class='ocrx_word' id='word_1_56' title='bbox 1106 2023 1264 2090; x_wconf 80' lang='lat' dir='ltr'><strong>natalium</strong></span> <span class='ocrx_word' id='word_1_57' title='bbox 1275 2023 1475 2108; x_wconf 87' lang='lat' dir='ltr'><strong>patientibus,</strong></span> 
     </span>
     <span class='ocr_line' id='line_1_10' title="bbox 369 2130 1474 2218; baseline -0.002 -22"><span class='ocrx_word' id='word_1_58' title='bbox 369 2138 481 2218; x_wconf 81' lang='lat' dir='ltr'><strong>utpote</strong></span> <span class='ocrx_word' id='word_1_59' title='bbox 497 2130 538 2195; x_wconf 90' lang='lat' dir='ltr'><strong>de</strong></span> <span class='ocrx_word' id='word_1_60' title='bbox 555 2131 670 2199; x_wconf 89' lang='lat' dir='ltr'><strong>solutis</strong></span> <span class='ocrx_word' id='word_1_61' title='bbox 686 2130 878 2216; x_wconf 88' lang='lat' dir='ltr'><strong>parentibus</strong></span> <span class='ocrx_word' id='word_1_62' title='bbox 895 2151 953 2199; x_wconf 89' lang='lat' dir='ltr'><strong>seu</strong></span> <span class='ocrx_word' id='word_1_63' title='bbox 979 2132 1119 2218; x_wconf 81' lang='lat' dir='ltr'><strong>olorinis,</strong></span> <span class='ocrx_word' id='word_1_64' title='bbox 1138 2131 1239 2197; x_wconf 87' lang='lat' dir='ltr'><strong>etiarn</strong></span> <span class='ocrx_word' id='word_1_65' title='bbox 1265 2133 1297 2196; x_wconf 91' lang='lat' dir='ltr'><strong>in</strong></span> <span class='ocrx_word' id='word_1_66' title='bbox 1314 2131 1417 2196; x_wconf 85' lang='lat' dir='ltr'><strong>saeris</strong></span> <span class='ocrx_word' id='word_1_67' title='bbox 1434 2151 1474 2194; x_wconf 90' lang='lat' dir='ltr'><strong>or·</strong></span> 
     </span>
     <span class='ocr_line' id='line_1_11' title="bbox 369 2237 1474 2327; baseline -0.005 -19"><span class='ocrx_word' id='word_1_68' title='bbox 369 2241 500 2308; x_wconf 87' lang='lat' dir='ltr'><strong>dinibus</strong></span> <span class='ocrx_word' id='word_1_69' title='bbox 518 2240 600 2307; x_wconf 88' lang='lat' dir='ltr'><strong>eitra</strong></span> <span class='ocrx_word' id='word_1_70' title='bbox 616 2240 835 2308; x_wconf 82' lang='lat' dir='ltr'><strong>sacerdotium</strong></span> <span class='ocrx_word' id='word_1_71' title='bbox 852 2242 1047 2327; x_wconf 75' lang='lat' dir='ltr'><strong>constitutis,</strong></span> <span class='ocrx_word' id='word_1_72' title='bbox 1065 2241 1186 2326; x_wconf 83' lang='lat' dir='ltr'><strong>genitis</strong></span> <span class='ocrx_word' id='word_1_73' title='bbox 1203 2249 1235 2307; x_wconf 89' lang='lat' dir='ltr'><strong>et</strong></span> <span class='ocrx_word' id='word_1_74' title='bbox 1254 2239 1381 2324; x_wconf 86' lang='lat' dir='ltr'><strong>solutis,</strong></span> <span class='ocrx_word' id='word_1_75' title='bbox 1398 2237 1474 2320; x_wconf 89' lang='lat' dir='ltr'><strong>quod</strong></span> 
     </span>
     <span class='ocr_line' id='line_1_12' title="bbox 368 2347 1473 2434; baseline -0.005 -18"><span class='ocrx_word' id='word_1_76' title='bbox 368 2347 553 2416; x_wconf 85' lang='lat' dir='ltr'><strong>huiusmodi</strong></span> <span class='ocrx_word' id='word_1_77' title='bbox 569 2369 632 2414; x_wconf 90' lang='lat' dir='ltr'><strong>non</strong></span> <span class='ocrx_word' id='word_1_78' title='bbox 650 2347 802 2415; x_wconf 87' lang='lat' dir='ltr'><strong>obstante</strong></span> <span class='ocrx_word' id='word_1_79' title='bbox 824 2349 955 2416; x_wconf 80' lang='lat' dir='ltr'><strong>deiectu</strong></span> <span class='ocrx_word' id='word_1_80' title='bbox 973 2369 1084 2418; x_wconf 89' lang='lat' dir='ltr'><strong>eorum</strong></span> <span class='ocrx_word' id='word_1_81' title='bbox 1100 2350 1238 2434; x_wconf 86' lang='lat' dir='ltr'><strong>quilibet</strong></span> <span class='ocrx_word' id='word_1_82' title='bbox 1253 2347 1296 2414; x_wconf 88' lang='lat' dir='ltr'><strong>ad</strong></span> <span class='ocrx_word' id='word_1_83' title='bbox 1312 2367 1421 2414; x_wconf 86' lang='lat' dir='ltr'><strong>omnes</strong></span> <span class='ocrx_word' id='word_1_84' title='bbox 1435 2365 1473 2410; x_wconf 91' lang='lat' dir='ltr'><strong>or-</strong></span> 
     </span>
     <span class='ocr_line' id='line_1_13' title="bbox 369 2453 1472 2540; baseline -0.005 -16"><span class='ocrx_word' id='word_1_85' title='bbox 369 2457 463 2524; x_wconf 85' lang='lat' dir='ltr'><strong>dines</strong></span> <span class='ocrx_word' id='word_1_86' title='bbox 479 2453 662 2540; x_wconf 87' lang='lat' dir='ltr'><strong>prouroveri</strong></span> <span class='ocrx_word' id='word_1_87' title='bbox 673 2455 794 2540; x_wconf 89' lang='lat' dir='ltr'><strong>valeat,</strong></span> <span class='ocrx_word' id='word_1_88' title='bbox 812 2463 845 2522; x_wconf 90' lang='lat' dir='ltr'><strong>et</strong></span> <span class='ocrx_word' id='word_1_89' title='bbox 856 2454 1003 2522; x_wconf 89' lang='lat' dir='ltr'><strong>obtinere</strong></span> <span class='ocrx_word' id='word_1_90' title='bbox 1013 2454 1204 2524; x_wconf 89' lang='lat' dir='ltr'><strong>benefieium</strong></span> <span class='ocrx_word' id='word_1_91' title='bbox 1214 2455 1472 2534; x_wconf 79' lang='lat' dir='ltr'><strong>ecelesiastieuru,</strong></span> 
     </span>
     <span class='ocr_line' id='line_1_14' title="bbox 368 2563 1472 2648; baseline -0.005 -16"><span class='ocrx_word' id='word_1_92' title='bbox 368 2565 467 2632; x_wconf 83' lang='lat' dir='ltr'><strong>etiam</strong></span> <span class='ocrx_word' id='word_1_93' title='bbox 484 2566 512 2632; x_wconf 94' lang='lat' dir='ltr'><strong>si</strong></span> <span class='ocrx_word' id='word_1_94' title='bbox 529 2583 636 2631; x_wconf 85' lang='lat' dir='ltr'><strong>euram</strong></span> <span class='ocrx_word' id='word_1_95' title='bbox 654 2563 774 2631; x_wconf 86' lang='lat' dir='ltr'><strong>babeat</strong></span> <span class='ocrx_word' id='word_1_96' title='bbox 789 2565 980 2648; x_wconf 85' lang='lat' dir='ltr'><strong>animarum,</strong></span> <span class='ocrx_word' id='word_1_97' title='bbox 997 2565 1171 2632; x_wconf 88' lang='lat' dir='ltr'><strong>dummodo</strong></span> <span class='ocrx_word' id='word_1_98' title='bbox 1188 2563 1284 2631; x_wconf 89' lang='lat' dir='ltr'><strong>iidern</strong></span> <span class='ocrx_word' id='word_1_99' title='bbox 1295 2563 1407 2630; x_wconf 87' lang='lat' dir='ltr'><strong>olerioi</strong></span> <span class='ocrx_word' id='word_1_100' title='bbox 1420 2582 1472 2630; x_wconf 92' lang='lat' dir='ltr'><strong>nou</strong></span> 
     </span>
     <span class='ocr_line' id='line_1_15' title="bbox 368 2670 1471 2761; baseline -0.004 -21"><span class='ocrx_word' id='word_1_101' title='bbox 368 2675 434 2740; x_wconf 89' lang='lat' dir='ltr'><strong>sint</strong></span> <span class='ocrx_word' id='word_1_102' title='bbox 449 2676 490 2742; x_wconf 87' lang='lat' dir='ltr'><strong>de</strong></span> <span class='ocrx_word' id='word_1_103' title='bbox 508 2673 634 2740; x_wconf 84' lang='lat' dir='ltr'><strong>incestu</strong></span> <span class='ocrx_word' id='word_1_104' title='bbox 659 2674 712 2740; x_wconf 80' lang='lat' dir='ltr'><strong>sel</strong></span> <span class='ocrx_word' id='word_1_105' title='bbox 727 2673 934 2758; x_wconf 80' lang='lat' dir='ltr'><strong>regularibus</strong></span> <span class='ocrx_word' id='word_1_106' title='bbox 951 2676 1121 2759; x_wconf 78' lang='lat' dir='ltr'><strong>procreati,</strong></span> <span class='ocrx_word' id='word_1_107' title='bbox 1137 2679 1170 2739; x_wconf 89' lang='lat' dir='ltr'><strong>et</strong></span> <span class='ocrx_word' id='word_1_108' title='bbox 1187 2678 1325 2761; x_wconf 85' lang='lat' dir='ltr'><strong>paterne</strong></span> <span class='ocrx_word' id='word_1_109' title='bbox 1349 2670 1471 2740; x_wconf 73' lang='lat' dir='ltr'><strong>ineonb</strong></span> 
     </span>
     <span class='ocr_line' id='line_1_16' title="bbox 366 2780 1472 2866; baseline -0.007 -16"><span class='ocrx_word' id='word_1_110' title='bbox 366 2783 474 2850; x_wconf 85' lang='lat' dir='ltr'><strong>nentie</strong></span> <span class='ocrx_word' id='word_1_111' title='bbox 491 2789 684 2862; x_wconf 87' lang='lat' dir='ltr'><strong>seetatores,</strong></span> <span class='ocrx_word' id='word_1_112' title='bbox 701 2781 761 2848; x_wconf 88' lang='lat' dir='ltr'><strong>sed</strong></span> <span class='ocrx_word' id='word_1_113' title='bbox 777 2780 861 2849; x_wconf 91' lang='lat' dir='ltr'><strong>bone</strong></span> <span class='ocrx_word' id='word_1_114' title='bbox 878 2783 1139 2851; x_wconf 74' lang='lat' dir='ltr'><strong>conversationis</strong></span> <span class='ocrx_word' id='word_1_115' title='bbox 1150 2790 1184 2849; x_wconf 90' lang='lat' dir='ltr'><strong>et</strong></span> <span class='ocrx_word' id='word_1_116' title='bbox 1199 2783 1274 2866; x_wconf 85' lang='lat' dir='ltr'><strong>vite,</strong></span> <span class='ocrx_word' id='word_1_117' title='bbox 1292 2781 1472 2850; x_wconf 83' lang='lat' dir='ltr'><strong>suffieientis</strong></span> 
     </span>
     <span class='ocr_line' id='line_1_17' title="bbox 367 2889 1471 2976; baseline -0.005 -16"><span class='ocrx_word' id='word_1_118' title='bbox 367 2891 504 2960; x_wconf 89' lang='lat' dir='ltr'><strong>soientie</strong></span> <span class='ocrx_word' id='word_1_119' title='bbox 516 2897 548 2959; x_wconf 89' lang='lat' dir='ltr'><strong>et</strong></span> <span class='ocrx_word' id='word_1_120' title='bbox 560 2892 658 2957; x_wconf 89' lang='lat' dir='ltr'><strong>etatis</strong></span> <span class='ocrx_word' id='word_1_121' title='bbox 674 2889 829 2976; x_wconf 83' lang='lat' dir='ltr'><strong>legitime,</strong></span> <span class='ocrx_word' id='word_1_122' title='bbox 847 2909 945 2976; x_wconf 88' lang='lat' dir='ltr'><strong>super</strong></span> <span class='ocrx_word' id='word_1_123' title='bbox 962 2891 1080 2974; x_wconf 87' lang='lat' dir='ltr'><strong>qulbus</strong></span> <span class='ocrx_word' id='word_1_124' title='bbox 1090 2901 1180 2960; x_wconf 87' lang='lat' dir='ltr'><strong>tuam</strong></span> <span class='ocrx_word' id='word_1_125' title='bbox 1197 2889 1393 2956; x_wconf 87' lang='lat' dir='ltr'><strong>intendimus</strong></span> <span class='ocrx_word' id='word_1_126' title='bbox 1409 2908 1471 2956; x_wconf 86' lang='lat' dir='ltr'><strong>eou-</strong></span> 
     </span>
     <span class='ocr_line' id='line_1_18' title="bbox 368 2996 1471 3084; baseline -0.004 -22"><span class='ocrx_word' id='word_1_127' title='bbox 368 2999 540 3072; x_wconf 84' lang='lat' dir='ltr'><strong>seientiam</strong></span> <span class='ocrx_word' id='word_1_128' title='bbox 556 3017 705 3080; x_wconf 86' lang='lat' dir='ltr'><strong>onerare,</strong></span> <span class='ocrx_word' id='word_1_129' title='bbox 724 2999 875 3084; x_wconf 80' lang='lat' dir='ltr'><strong>aliasque</strong></span> <span class='ocrx_word' id='word_1_130' title='bbox 895 2999 977 3084; x_wconf 92' lang='lat' dir='ltr'><strong>ipsis</strong></span> <span class='ocrx_word' id='word_1_131' title='bbox 1002 3000 1121 3067; x_wconf 88' lang='lat' dir='ltr'><strong>merita</strong></span> <span class='ocrx_word' id='word_1_132' title='bbox 1142 2999 1362 3084; x_wconf 82' lang='lat' dir='ltr'><strong>suffragantur</strong></span> <span class='ocrx_word' id='word_1_133' title='bbox 1377 2998 1420 3065; x_wconf 88' lang='lat' dir='ltr'><strong>ad</strong></span> <span class='ocrx_word' id='word_1_134' title='bbox 1435 2996 1471 3059; x_wconf 92' lang='lat' dir='ltr'><strong>di-</strong></span> 
     </span>
     <span class='ocr_line' id='line_1_19' title="bbox 368 3105 1471 3192; baseline -0.003 -20"><span class='ocrx_word' id='word_1_135' title='bbox 368 3109 590 3192; x_wconf 88' lang='lat' dir='ltr'><strong>spensationis</strong></span> <span class='ocrx_word' id='word_1_136' title='bbox 615 3105 755 3189; x_wconf 79' lang='lat' dir='ltr'><strong>gratiam</strong></span> <span class='ocrx_word' id='word_1_137' title='bbox 782 3107 1013 3189; x_wconf 85' lang='lat' dir='ltr'><strong>obtinendam,</strong></span> <span class='ocrx_word' id='word_1_138' title='bbox 1040 3109 1176 3177; x_wconf 90' lang='lat' dir='ltr'><strong>liberam</strong></span> <span class='ocrx_word' id='word_1_139' title='bbox 1203 3108 1262 3173; x_wconf 89' lang='lat' dir='ltr'><strong>tibi</strong></span> <span class='ocrx_word' id='word_1_140' title='bbox 1288 3106 1471 3174; x_wconf 75' lang='lat' dir='ltr'><strong>auctoritate</strong></span> 
     </span>
     <span class='ocr_line' id='line_1_20' title="bbox 366 3215 1469 3303; baseline -0.005 -20"><span class='ocrx_word' id='word_1_141' title='bbox 366 3219 562 3303; x_wconf 85' lang='lat' dir='ltr'><strong>presentium</strong></span> <span class='ocrx_word' id='word_1_142' title='bbox 574 3215 782 3285; x_wconf 90' lang='lat' dir='ltr'><strong>oonoedimus</strong></span> <span class='ocrx_word' id='word_1_143' title='bbox 792 3216 1000 3285; x_wconf 86' lang='lat' dir='ltr'><strong>iaoultatem:</strong></span> <span class='ocrx_word' id='word_1_144' title='bbox 1018 3219 1064 3284; x_wconf 85' lang='lat' dir='ltr'><strong>ita</strong></span> <span class='ocrx_word' id='word_1_145' title='bbox 1075 3227 1195 3300; x_wconf 83' lang='lat' dir='ltr'><strong>tamen,</strong></span> <span class='ocrx_word' id='word_1_146' title='bbox 1211 3217 1297 3301; x_wconf 91' lang='lat' dir='ltr'><strong>quod</strong></span> <span class='ocrx_word' id='word_1_147' title='bbox 1310 3217 1469 3285; x_wconf 83' lang='lat' dir='ltr'><strong>eorundem</strong></span> 
     </span>
     <span class='ocr_line' id='line_1_21' title="bbox 367 3324 1469 3412; baseline -0.003 -23"><span class='ocrx_word' id='word_1_148' title='bbox 367 3325 556 3395; x_wconf 87' lang='lat' dir='ltr'><strong>elerioorum</strong></span> <span class='ocrx_word' id='word_1_149' title='bbox 575 3327 731 3411; x_wconf 82' lang='lat' dir='ltr'><strong>quilibet,</strong></span> <span class='ocrx_word' id='word_1_150' title='bbox 758 3327 845 3395; x_wconf 87' lang='lat' dir='ltr'><strong>sieut</strong></span> <span class='ocrx_word' id='word_1_151' title='bbox 869 3330 1009 3411; x_wconf 85' lang='lat' dir='ltr'><strong>requiret</strong></span> <span class='ocrx_word' id='word_1_152' title='bbox 1026 3345 1108 3394; x_wconf 89' lang='lat' dir='ltr'><strong>onus</strong></span> <span class='ocrx_word' id='word_1_153' title='bbox 1125 3324 1285 3412; x_wconf 87' lang='lat' dir='ltr'><strong>benefieii,</strong></span> <span class='ocrx_word' id='word_1_154' title='bbox 1310 3325 1396 3410; x_wconf 92' lang='lat' dir='ltr'><strong>quod</strong></span> <span class='ocrx_word' id='word_1_155' title='bbox 1411 3342 1469 3390; x_wconf 87' lang='lat' dir='ltr'><strong>euru</strong></span> 
     </span>
    </p>
   </div>
   <div class='ocr_carea' id='block_1_4' title="bbox 366 3430 1469 3953">
    <p class='ocr_par' dir='ltr' id='par_1_4' title="bbox 366 3430 1469 3953">
     <span class='ocr_line' id='line_1_22' title="bbox 367 3430 1469 3521; baseline -0.004 -23"><span class='ocrx_word' id='word_1_156' title='bbox 367 3441 440 3516; x_wconf 91' lang='lat' dir='ltr'><strong>post</strong></span> <span class='ocrx_word' id='word_1_157' title='bbox 455 3435 735 3521; x_wconf 83' lang='lat' dir='ltr'><strong>dispensationem</strong></span> <span class='ocrx_word' id='word_1_158' title='bbox 761 3435 947 3505; x_wconf 88' lang='lat' dir='ltr'><strong>huiusmodi</strong></span> <span class='ocrx_word' id='word_1_159' title='bbox 977 3436 1126 3504; x_wconf 86' lang='lat' dir='ltr'><strong>obtinere</strong></span> <span class='ocrx_word' id='word_1_160' title='bbox 1142 3433 1325 3520; x_wconf 78' lang='lat' dir='ltr'><strong>eontigerit,</strong></span> <span class='ocrx_word' id='word_1_161' title='bbox 1343 3433 1384 3501; x_wconf 75' lang='lat' dir='ltr'><strong>ed</strong></span> <span class='ocrx_word' id='word_1_162' title='bbox 1399 3430 1469 3498; x_wconf 90' lang='lat' dir='ltr'><strong>ordi·</strong></span> 
     </span>
     <span class='ocr_line' id='line_1_23' title="bbox 367 3541 1469 3630; baseline -0.003 -24"><span class='ocrx_word' id='word_1_163' title='bbox 367 3561 426 3610; x_wconf 85' lang='lat' dir='ltr'><strong>nes</strong></span> <span class='ocrx_word' id='word_1_164' title='bbox 444 3561 480 3609; x_wconf 85' lang='lat' dir='ltr'><strong>se</strong></span> <span class='ocrx_word' id='word_1_165' title='bbox 505 3543 605 3608; x_wconf 84' lang='lat' dir='ltr'><strong>faeiat</strong></span> <span class='ocrx_word' id='word_1_166' title='bbox 631 3543 761 3610; x_wconf 89' lang='lat' dir='ltr'><strong>statutis</strong></span> <span class='ocrx_word' id='word_1_167' title='bbox 787 3543 988 3627; x_wconf 87' lang='lat' dir='ltr'><strong>temporibus</strong></span> <span class='ocrx_word' id='word_1_168' title='bbox 1005 3545 1200 3630; x_wconf 85' lang='lat' dir='ltr'><strong>promoveri,</strong></span> <span class='ocrx_word' id='word_1_169' title='bbox 1217 3551 1251 3610; x_wconf 87' lang='lat' dir='ltr'><strong>et</strong></span> <span class='ocrx_word' id='word_1_170' title='bbox 1266 3541 1469 3628; x_wconf 86' lang='lat' dir='ltr'><strong>personaliter</strong></span> 
     </span>
     <span class='ocr_line' id='line_1_24' title="bbox 366 3645 1469 3739; baseline -0.001 -27"><span class='ocrx_word' id='word_1_171' title='bbox 366 3648 510 3717; x_wconf 84' lang='lat' dir='ltr'><strong>resideat</strong></span> <span class='ocrx_word' id='word_1_172' title='bbox 526 3652 556 3714; x_wconf 92' lang='lat' dir='ltr'><strong>in</strong></span> <span class='ocrx_word' id='word_1_173' title='bbox 574 3652 706 3736; x_wconf 72' lang='lat' dir='ltr'><strong>eodem,</strong></span> <span class='ocrx_word' id='word_1_174' title='bbox 724 3651 873 3735; x_wconf 89' lang='lat' dir='ltr'><strong>alioquin</strong></span> <span class='ocrx_word' id='word_1_175' title='bbox 890 3650 1058 3721; x_wconf 84' lang='lat' dir='ltr'><strong>faotasibi</strong></span> <span class='ocrx_word' id='word_1_176' title='bbox 1075 3653 1195 3739; x_wconf 76' lang='lat' dir='ltr'><strong>gratia,</strong></span> <span class='ocrx_word' id='word_1_177' title='bbox 1211 3653 1297 3736; x_wconf 90' lang='lat' dir='ltr'><strong>qnod</strong></span> <span class='ocrx_word' id='word_1_178' title='bbox 1309 3652 1351 3718; x_wconf 80' lang='lat' dir='ltr'><strong>ad</strong></span> <span class='ocrx_word' id='word_1_179' title='bbox 1366 3645 1469 3714; x_wconf 84' lang='lat' dir='ltr'><strong>benei-</strong></span> 
     </span>
     <span class='ocr_line' id='line_1_25' title="bbox 366 3759 1467 3846; baseline 0.002 -25"><span class='ocrx_word' id='word_1_180' title='bbox 366 3759 449 3823; x_wconf 89' lang='lat' dir='ltr'><strong>oiurn</strong></span> <span class='ocrx_word' id='word_1_181' title='bbox 466 3761 571 3843; x_wconf 85' lang='lat' dir='ltr'><strong>ipsum</strong></span> <span class='ocrx_word' id='word_1_182' title='bbox 593 3759 714 3827; x_wconf 89' lang='lat' dir='ltr'><strong>nullius</strong></span> <span class='ocrx_word' id='word_1_183' title='bbox 731 3761 863 3846; x_wconf 87' lang='lat' dir='ltr'><strong>penitus</strong></span> <span class='ocrx_word' id='word_1_184' title='bbox 880 3763 923 3827; x_wconf 90' lang='lat' dir='ltr'><strong>sit</strong></span> <span class='ocrx_word' id='word_1_185' title='bbox 939 3763 1103 3830; x_wconf 90' lang='lat' dir='ltr'><strong>momenti.</strong></span> <span class='ocrx_word' id='word_1_186' title='bbox 1121 3765 1240 3828; x_wconf 88' lang='lat' dir='ltr'><strong>Datum</strong></span> <span class='ocrx_word' id='word_1_187' title='bbox 1258 3760 1406 3846; x_wconf 77' lang='lat' dir='ltr'><strong>Anagnie</strong></span> <span class='ocrx_word' id='word_1_188' title='bbox 1421 3759 1467 3823; x_wconf 83' lang='lat' dir='ltr'><strong>ln·</strong></span> 
     </span>
     <span class='ocr_line' id='line_1_26' title="bbox 367 3864 1167 3953; baseline 0.003 -24"><span class='ocrx_word' id='word_1_189' title='bbox 367 3864 476 3932; x_wconf 88' lang='lat' dir='ltr'><strong>leudis</strong></span> <span class='ocrx_word' id='word_1_190' title='bbox 491 3864 580 3948; x_wconf 88' lang='lat' dir='ltr'><strong>Julii,</strong></span> <span class='ocrx_word' id='word_1_191' title='bbox 598 3865 808 3933; x_wconf 80' lang='lat' dir='ltr'><strong>Pontificatus</strong></span> <span class='ocrx_word' id='word_1_192' title='bbox 826 3869 929 3936; x_wconf 89' lang='lat' dir='ltr'><strong>nostri</strong></span> <span class='ocrx_word' id='word_1_193' title='bbox 947 3889 1034 3936; x_wconf 88' lang='lat' dir='ltr'><strong>anno</strong></span> <span class='ocrx_word' id='word_1_194' title='bbox 1052 3867 1167 3953; x_wconf 90' lang='lat' dir='ltr'><strong>primo.</strong></span> 
     </span>
    </p>
   </div>
   <div class='ocr_carea' id='block_1_5' title="bbox 367 4057 1466 4224">
    <p class='ocr_par' dir='ltr' id='par_1_5' title="bbox 367 4057 1466 4224">
     <span class='ocr_line' id='line_1_27' title="bbox 367 4057 1466 4138; baseline -0.016 -10"><span class='ocrx_word' id='word_1_195' title='bbox 367 4057 454 4128; x_wconf 70' lang='lat' dir='ltr'>svm·</span> <span class='ocrx_word' id='word_1_196' title='bbox 477 4059 614 4116; x_wconf 67' lang='lat' dir='ltr'><strong>Boniffiez</strong></span> <span class='ocrx_word' id='word_1_197' title='bbox 640 4062 924 4138; x_wconf 70' lang='lat' dir='ltr'><strong>ptpaRegesttibbl</strong></span> <span class='ocrx_word' id='word_1_198' title='bbox 945 4064 1071 4122; x_wconf 87' lang='lat' dir='ltr'><strong>Theiuer</strong></span> <span class='ocrx_word' id='word_1_199' title='bbox 1096 4063 1282 4120; x_wconf 86' lang='lat' dir='ltr'><strong>Monumenta</strong></span> <span class='ocrx_word' id='word_1_200' title='bbox 1306 4063 1356 4118; x_wconf 90' lang='lat' dir='ltr'><strong>stb.</strong></span> <span class='ocrx_word' id='word_1_201' title='bbox 1377 4061 1397 4115; x_wconf 90' lang='lat' dir='ltr'><strong>l.</strong></span> <span class='ocrx_word' id='word_1_202' title='bbox 1418 4061 1466 4114; x_wconf 86' lang='lat' dir='ltr'><strong>ibt.</strong></span> 
     </span>
     <span class='ocr_line' id='line_1_28' title="bbox 871 4152 976 4224; baseline -0.01 -13"><span class='ocrx_word' id='word_1_203' title='bbox 871 4152 932 4211; x_wconf 79' lang='lat'>380.</span> <span class='ocrx_word' id='word_1_204' title='bbox 946 4152 976 4224; x_wconf 91' lang='lat' dir='ltr'><strong>l.)</strong></span> 
     </span>
    </p>
   </div>
   <div class='ocr_carea' id='block_1_6' title="bbox 792 4443 932 4451">
    <p class='ocr_par' dir='ltr' id='par_1_6' title="bbox 792 4443 932 4451">
     <span class='ocr_line' id='line_1_29' title="bbox 792 4443 932 4451; baseline 0 -1"><span class='ocrx_word' id='word_1_205' title='bbox 792 4443 932 4451; x_wconf 67' lang='lat' dir='ltr'><strong>u—--—....</strong></span> 
     </span>
    </p>
   </div>
   <div class='ocr_carea' id='block_1_7' title="bbox 0 0 1540 5168">
    <p class='ocr_par' dir='ltr' id='par_1_7' title="bbox 0 0 1540 5168">
     <span class='ocr_line' id='line_1_30' title="bbox 0 0 1540 5168; baseline 0 2"><span class='ocrx_word' id='word_1_206' title='bbox 0 0 1540 5168; x_wconf 95' lang='lat' dir='ltr'><strong> </strong></span> 
     </span>
    </p>
   </div>
  </div>
 </body>
</html>
