3072 5168
595 262 742 372 ..sn

100 461 190 529 Petri
208 469 240 528 et
256 463 393 530 boterio
409 462 477 531 tilio
499 464 645 534 eiusdem
661 462 787 532 Thnme
802 467 845 530 ab
863 465 989 548 eltere;
1016 467 1130 534 eedem
1147 486 1220 552 per-

100 579 153 638 tes
171 591 192 636 a
208 571 304 637 nobis
320 571 518 639 vnenimiter
532 581 707 658 petentes,
726 579 762 638 ut
778 573 895 640 seriem
911 573 1091 642 litterarum
1106 581 1221 658 peten-

99 678 190 745 einm
207 679 340 746 Abrehe
360 679 439 746 dieti
455 677 542 746 Rulli
570 680 710 748 Gnrialis
727 677 865 748 Comitis
885 681 1093 750 Posoniensis
1104 731 1113 766 ,
1139 701 1221 766 qnes

97 786 200 854 nobis
217 786 442 871 exhibuerunt,
468 790 590 856 nostris
611 788 727 856 litteris
744 789 1003 874 priuilegislibns
1022 788 1118 855 inseri
1133 789 1220 859 laee-

98 913 225 964 rennns.
241 893 385 974 Quarum
402 902 496 962 tenor
511 896 589 962 talis
604 901 680 964 est:

211 1001 280 1072 Nos
296 1003 464 1070 Abraham
488 1005 591 1073 Rnffls
607 1003 749 1073 Ourielis
767 1005 814 1072 (lo
824 1023 894 1072 mes
918 1003 1130 1074 Pesoniensis
1157 1004 1220 1073 stb.

99 1108 287 1178 (minensis
300 1111 345 1166 91.
363 1128 403 1164 sn.
416 1111 456 1172 a.)

207 1205 278 1271 Nos
292 1221 372 1272 nero
386 1202 480 1270 iustis
497 1210 554 1289 pet
575 1204 738 1272 inionibus
754 1204 897 1286 ipsorum
912 1208 1104 1289 annuentes,
1121 1208 1224 1288 utpre

96 1330 179 1380 sens
196 1309 366 1378 ordineeio
383 1317 417 1377 et
433 1310 632 1396 enmposioio
657 1309 762 1396 magis
779 1317 854 1378 rate
870 1312 914 1378 sit
931 1317 964 1378 et
978 1309 1071 1378 firme
1080 1361 1089 1396 ‚
1104 1309 1222 1378 seriem

97 1419 209 1486 tonius
220 1415 301 1486 laeti
316 1419 438 1485 nostris
450 1418 566 1487 litteris
582 1419 848 1506 priuilegialibns
860 1421 902 1487 de
918 1418 1017 1486 uerbo
1033 1418 1078 1486 ad
1086 1420 1223 1488 uerbum

96 1527 206 1597 inseri
223 1526 360 1593 fecimus
377 1523 561 1612 diligenter,
576 1535 674 1614 prnnt
686 1528 718 1592 in
737 1525 862 1595 litteris
880 1525 983 1613 ipsius
992 1526 1124 1594 Abrehe
1143 1525 1223 1594 dieti

97 1634 188 1704 Rnffi
205 1635 350 1703 Cerialis
363 1634 500 1703 (inmitis
513 1634 726 1706 Posoniensis
736 1635 877 1703 vidimus
892 1635 1060 1704 contineri.
1076 1637 1114 1702 In
1131 1634 1222 1702 euius

96 1746 150 1812 rei
167 1741 361 1810 memoriam
380 1749 550 1828 presentes
566 1743 717 1811 dedimus
732 1745 861 1812 litteras
877 1743 979 1828 sigilli
997 1743 1103 1810 nostri
1118 1741 1220 1809 mnni-

94 1853 188 1920 mine
204 1853 386 1920 roboratas.
413 1849 532 1920 Datum
558 1853 709 1936 proxime
725 1849 870 1922 secunde
896 1852 977 1919 serie
993 1859 1069 1919 ante
1099 1851 1217 1919 testum

95 1961 197 2028 Beati
213 1961 387 2047 Laureneij
414 1961 578 2046 mertinis,
607 1983 694 2030 enno
709 1961 843 2030 Domini
873 1959 1047 2029 millesimo
1072 1960 1223 2028 dueente-

96 2069 184 2136 simo
201 2069 414 2155 nonagesimo
435 2072 556 2153 quinto.

502 2247 541 2314 A.
649 2249 686 2314 B.
793 2246 829 2315 Ο.

95 2441 238 2515 (Hdrtye'.
250 2421 417 2498 'veresseld
432 2444 560 2515 selymen
573 2441 645 2516 fflgg
658 2461 677 2500 e
689 2441 754 2517 meg
766 2441 802 2514 dp
816 2443 924 2516 pessel.
937 2443 1222 2520 Pozsonyktptelut

222 2530 359 2606 nrsndges
372 2531 496 2590 levdltdr
509 2532 604 2606 (lapse
613 2532 690 2589 XIV.
705 2533 787 2590 Fene.
800 2533 827 2588 2.
841 2533 909 2592 Nro.
925 2534 969 2590 23.
987 2533 1100 2608 limene.)

535 2831 799 2845 *⁸¹—
