3144 5180
682 339 701 404 'i

606 426 772 438 κι-

127 543 217 607 mata
229 537 425 622 prudentius
451 533 661 617 reformaret,
686 554 726 601 ac
751 536 904 602 evelleret
920 539 954 600 et
970 533 1154 602 destrueret
1169 533 1250 600 vitia

126 646 359 730 plantaretque
375 647 521 724 virtutes,
539 661 579 710 ac
596 641 688 711 iuxta
701 642 843 726 gratiam
861 663 881 706 a
897 641 1036 709 Domino
1056 639 1120 707 sibi
1137 643 1249 712 datam

124 752 314 824 huiusmodi
330 752 487 838 periculis
514 752 688 820 obviaret:
705 770 764 838 per
782 753 875 818 cuius
901 747 1114 818 ministerium
1139 752 1247 834 provi·

126 862 204 928 dum
222 868 255 928 et
269 857 475 949 prudentiam
486 859 757 945 circumspectam
767 857 880 942 multa,
891 862 988 943 prout
1005 857 1249 926 venerabilibus

125 969 284 1039 ftatribus
299 967 432 1054 nostris,
454 967 616 1035 universis
633 963 923 1052 Archicpireopis,
940 964 1132 1051 Episcopis,
1153 971 1188 1032 et
1203 966 1250 1040 di·

126 1077 225 1148 lactis
240 1075 317 1158 filiis
334 1063 457 1146 Electis
467 1125 477 1159 ,
503 1073 686 1145 subtutus
704 1080 737 1141 et
753 1072 829 1144 aliis
846 1071 1070 1141 Ecclesiarum
1095 1071 1249 1158 Prolatis,

127 1203 171 1250 ac
186 1185 348 1270 nobilibus
364 1183 444 1253 viris
460 1182 626 1268 Ducibus,
653 1179 908 1262 Marouionibus,
925 1177 1106 1247 comitibus
1115 1229 1124 1264 ,
1150 1177 1249 1248 Baro·

124 1289 225 1362 nibus
241 1301 273 1360 et
289 1291 452 1360 universis
468 1289 588 1357 Christi
605 1285 755 1356 fidelibus
771 1308 830 1374 per
841 1293 992 1375 Regnum
1010 1285 1156 1372 Ungarie
1174 1306 1249 1356 con·
1334 1339 1336 1343 ψ

124 1399 248 1472 stitutis
264 1421 330 1468 non
347 1400 545 1470 arbitramur
561 1399 778 1482 incognitum,
804 1398 849 1468 ad
864 1395 983 1466 bonum
999 1403 1031 1464 et
1046 1392 1248 1467 laudabilem

124 1515 251 1578 statum
267 1526 479 1595 personarum
507 1505 805 1576 ecclesiasticarum
830 1511 865 1570 et
879 1504 1076 1572 secularium
1092 1502 1171 1572 dicti
1187 1503 1248 1571 Rc-

123 1617 193 1704 gni,
209 1623 334 1685 statuta
349 1623 383 1684 et
397 1616 550 1687 ordinata
565 1617 706 1699 morunt,
732 1611 836 1680 oculis
850 1614 971 1682 Divine
996 1611 1181 1684 Maiestatis
1195 1631 1249 1680 ac·

125 1733 236 1812 cepta,
253 1731 286 1790 et
300 1723 364 1810 ipsi
381 1724 494 1808 Regno
510 1742 550 1794 ao
568 1723 640 1792 eius
658 1721 898 1793 habitatoribus
914 1723 1094 1804 fructuosa,
1112 1738 1247 1804 quorum

123 1835 249 1918 aliqua,
265 1837 363 1922 prout
377 1833 499 1902 multos
514 1851 556 1900 ex
571 1831 848 1920 Arcbiepiscopis,
873 1829 1055 1919 Episcopis,
1073 1827 1248 1896 Nobilibus

123 1947 157 2008 et
169 1943 246 2012 aliis
262 1943 472 2028 supradietis,
490 1948 527 2008 ut
543 1941 727 2024 eredimus,
745 1939 825 2008 iacti
845 1938 1013 2008 evidentia
1036 1936 1164 2021 docuit,
1190 1957 1250 2025 per

121 2050 317 2118 iamdictam
332 2050 457 2137 Regem
472 2050 636 2136 promissa
652 2059 684 2118 et
700 2051 808 2120 iurata
824 2047 954 2120 fuerunt
970 2048 1030 2114 sub
1045 2047 1249 2132 obligatione

122 2165 237 2227 suaet
261 2162 359 2229 etiam
376 2160 455 2230 dieti
478 2161 604 2246 Regni,
621 2158 782 2230 sedidem
809 2160 879 2227 Rex
894 2156 1134 2246 promissione,
1160 2158 1248 2224 iura·

122 2275 236 2337 mento
252 2275 286 2336 et
301 2269 503 2356 obligatione
518 2267 702 2336 huiusmodi
718 2264 847 2336 omnino
864 2262 1082 2351 contemptis,
1099 2263 1249 2350 predicta

121 2397 192 2444 non
207 2377 370 2462 servavit,
396 2377 471 2446 dum
488 2377 630 2464 viveret3
656 2385 688 2444 et
704 2396 741 2444 se
766 2375 959 2462 recognovit
984 2375 1083 2443 etiam
1100 2392 1167 2440 non
1183 2391 1248 2440 ser·

122 2505 224 2553 vasse
233 2538 242 2572 ,
267 2485 354 2552 sicut
369 2505 410 2551 ea
425 2504 485 2571 per
508 2492 661 2572 patentes
677 2491 838 2570 apparant
858 2483 1004 2569 apertius
1019 2480 1170 2568 litteras,
1187 2497 1249 2564 que

121 2595 157 2659 in
173 2593 309 2662 archivo
335 2593 433 2661 Sedis
457 2593 651 2680 Apostolioe
677 2596 932 2673 conservantur,
949 2596 1083 2677 propter
1109 2587 1198 2673 quod
1215 2589 1248 2655 in

123 2703 241 2772 eodem
257 2705 372 2786 Regno
388 2703 592 2773 turbationes
618 2702 838 2787 multiplices,
865 2699 1090 2770 dissensiones
1108 2703 1141 2764 et
1155 2717 1248 2768 scan-

122 2810 204 2880 dala
219 2811 338 2898 gravia
363 2811 578 2897 contigerunt.
602 2807 698 2878 Unde
715 2827 775 2876 nos
792 2827 881 2876 more
906 2809 954 2893 pii
969 2797 1075 2892 patris
1092 2785 1248 2891 compati-

123 2923 219 2985 entes
234 2923 303 2989 tam
319 2918 502 3004 periculoso
518 2919 621 2987 statui
636 2919 715 2988 dicti
732 2919 857 3008 Regni,
883 2917 1109 3004 disposuimus
1128 2915 1171 2984 ad
1188 2917 1247 2982 Re·

121 3045 224 3112 gnum
240 3028 348 3113 ipsum
364 3027 531 3098 destinare
546 3029 727 3114 Legatum,
754 3029 800 3097 ad
815 3025 1054 3113 pacificandum
1071 3025 1171 3107 illud,
1198 3045 1248 3092 se·

122 3135 270 3202 dandum
286 3137 489 3206 turbationes
506 3137 620 3225 ipsius,
633 3143 665 3206 et
679 3136 841 3224 prefatum
852 3135 977 3221 Regem
993 3133 1138 3204 adriam
1154 3131 1249 3199 recti-

122 3245 249 3314 tudinis
265 3251 298 3312 et
314 3245 430 3312 salutis
447 3245 490 3311 ab
506 3245 625 3312 erroris
642 3245 740 3328 invio,
757 3259 815 3329 per
832 3241 919 3328 quod
935 3241 1118 3327 periculose
1134 3259 1247 3306 nosce-

122 3357 223 3423 batur
238 3351 404 3438 incedere,
420 3353 650 3421 reduccndum.
668 3355 710 3420 lit
726 3352 804 3438 quia
820 3353 948 3438 prefato
968 3352 1060 3438 Rege
1077 3352 1174 3419 rebus
1191 3347 1246 3415 bu-

123 3463 232 3530 manis
249 3467 422 3550 exempto,
449 3461 593 3530 eiusdem
610 3461 716 3548 Regni
732 3461 935 3530 turbationes
962 3467 995 3528 et
1012 3459 1158 3548 pericula
1183 3475 1247 3522 non

123 3579 309 3656 cessarunt,
325 3571 390 3638 imo
407 3571 736 3660 gravioratimerrtur,
752 3570 982 3658 propterquod
998 3569 1116 3657 Legati
1133 3585 1247 3651 supra·
1380 3637 1384 3646 ,

124 3678 207 3745 dicti
221 3679 391 3764 presentia
406 3681 440 3745 in
456 3681 570 3766 Regno
585 3679 659 3764 ipso
682 3679 788 3767 magis
805 3702 845 3749 ac
860 3677 965 3766 magis
981 3677 1051 3744 fore
1068 3673 1248 3744 dinoscitur

123 3795 299 3874 oportuna,
316 3795 358 3873 te,
376 3787 481 3855 virum
498 3788 608 3872 utique
625 3787 798 3875 providum
814 3795 846 3855 et
862 3787 1053 3871 discretum,
1071 3787 1247 3854 zelatorem

119 3897 272 3983 justitie,
299 3917 338 3963 ae
354 3897 449 3965 nobis
466 3902 498 3962 et
513 3894 671 3965 fratribus
695 3897 816 3966 nostris
842 3896 959 3964 merito
984 3903 1041 3962 tue
1056 3893 1250 3988 multiplicis

122 4005 303 4095 probitatis
319 4011 512 4093 acceptum,
528 4003 725 4074 fiducialiter
741 4004 785 4074 ad
801 4005 964 4094 prefatum
978 4001 1152 4091 Regnum,
1177 4009 1246 4072 tan-

123 4139 227 4205 quam
242 4113 337 4204 pacis
353 4115 504 4198 angelum
515 4111 731 4196 destinamus,
748 4121 784 4182 ut
799 4121 835 4180 tu
851 4114 892 4180 de
902 4118 991 4181 statu
1006 4112 1111 4199 ipsius
1130 4111 1248 4198 Regni,

123 4249 167 4298 aa
184 4227 257 4292 eins
274 4219 505 4292 circumstatiis
523 4231 555 4285 et
580 4221 823 4291 conditionibus
846 4221 1026 4307 universis,
1049 4227 1082 4287 et
1107 4218 1248 4304 qualiter

122 4339 159 4406 in
175 4333 293 4403 melius
310 4329 408 4415 dirigi
424 4335 457 4396 et
471 4327 597 4398 salubri
607 4329 766 4416 regimine
780 4331 892 4399 valeat
902 4329 1090 4419 gubernari,
1106 4325 1247 4398 fideliter

123 4445 222 4531 plene
238 4448 272 4509 et
288 4437 428 4509 sollicite
446 4436 649 4521 informeris,
675 4444 707 4504 ct
723 4435 811 4516 Noc,
828 4439 948 4523 quibus
964 4438 1044 4507 dicti
1059 4437 1183 4521 Regni,
1200 4441 1246 4501 ut·

123 4566 204 4646 pote
220 4553 264 4625 ad
279 4553 461 4620 Romanam
476 4545 660 4616 Ecclesiam
679 4549 891 4634 pertinentis,
916 4567 994 4617 cura
1010 4543 1184 4634 peculiaris
1199 4541 1246 4608 ln-

124 4665 260 4746 cumbis,
277 4669 345 4736 tara
361 4681 419 4760 per
430 4662 487 4742 tc,
505 4673 602 4750 quam
619 4675 678 4745 per
694 4656 989 4750 Aroliepiscopos,
1016 4651 1196 4754 Episcopos
1214 4657 1247 4730 ot
