3094 5168
824 285 974 416 „2⁰⁶-

334 511 478 582 boratas.
490 515 610 582 Datum
619 529 677 598 per
690 529 807 580 mnus
824 509 958 578 disereti
973 507 1034 578 uiri
1050 505 1200 594 magistri
1216 503 1368 576 Ladialei
1382 505 1455 573 Pte

333 621 433 708 positi
449 619 650 708 Tytulensis,
661 618 738 687 aule
753 625 863 688 nostre
874 614 1182 701 Vise-Genesllarij,
1198 611 1314 682 dilecti
1330 618 1363 682 et
1376 611 1453 680 lide-

334 728 376 795 lis
392 732 505 816 nostri,
522 748 608 797 anno
627 725 759 797 Domini
785 729 834 796 ll⁰
850 727 921 796 00⁰
936 722 1151 810 nonagesimo
1166 741 1263 806 nouo,
1280 722 1451 808 quintode-

335 837 419 906 eimu
436 838 598 906 kalendas
614 835 800 923 Februarii
815 833 922 923 Regni
938 839 1047 904 artem
1062 829 1166 900 nostri
1181 849 1269 900 anno
1283 849 1378 898 nono.

337 1028 483 1101 (Etedetie
505 1027 563 1086 ab.
582 1026 767 1102 Wesselenyi
789 1027 888 1086 esaltd
910 1025 1117 1088 tousuratus.
1137 1029 1230 1088 Vilrlts
1251 1025 1284 1084 όι
1305 1025 1392 1101 sergo
1412 1045 1453 1084 se·

340 1119 556 1190 lyemnsintrrol
577 1119 695 1194 suggest
715 1119 844 1192 pensetis
857 1120 1017 1176 lesaakadt.
1030 1120 1109 1176 Eaen
1130 1119 1276 1178 olrlevelet
1296 1118 1410 1176 Bonna
1423 1117 1451 1174 es

336 1209 388 1266 Pol
402 1207 517 1266 resuere
540 1205 636 1266 etlrva
656 1207 721 1280 ujra
742 1209 845 1267 kiadta
857 1211 878 1266 l.
892 1209 1003 1282 Karoly
1026 1211 1182 1280 wll-ben,
1206 1209 1283 1283 mely
1306 1209 1452 1266 stiratnal

336 1298 472 1358 testverei
484 1300 590 1355 konntll
603 1297 720 1358 eletbeu
733 1319 877 1376 egymaga
889 1301 1003 1358 maradt
1014 1300 1126 1358 Rullus
1145 1299 1259 1358 resaere
1274 1299 1412 1358 was-ban
1431 1301 1452 1354 1.

337 1388 448 1462 Karoly
466 1387 539 1446 stltal
559 1389 674 1447 kiadott
695 1389 785 1461 ujabb
809 1389 917 1450 altinate
939 1389 1217 1465 saintenmegvana
1234 1391 1263 1448 b.
1276 1389 1454 1462 Wesselenyi

626 1480 725 1538 enarer
738 1481 948 1542 levsltiraban.
961 1483 1042 1538 &aas
1056 1483 1177 1554 lintoolo.)

765 1773 1029 1783 m

344 2495 409 2560 ΙΙΙ.
426 2493 678 2581 Eodreloirdlyu
694 2493 801 2558 Ιιαιιαί
818 2491 983 2558 lukosoleot
990 2489 1139 2578 felmentu'
1154 2515 1233 2560 aeon
1252 2493 1455 2580 klitoleaettety

342 2601 418 2684 alul,
428 2600 585 2667 mazelini
600 2625 621 2666 o
630 2601 841 2688 kirolyuenok
850 2599 992 2666 eomkiot
1001 2599 1145 2688 bizouyos
1155 2604 1263 2668 sauma
1277 2601 1452 2669 mator

679 2707 831 2797 αᾶἤάυαῑ
847 2709 1014 2776 tartoztuk.
1032 2711 1130 2778 1299.

450 2907 603 2977 Andreas
620 2907 684 2977 Ilei
710 2909 825 2993 grauia
840 2909 911 2978 Rex
928 2907 1100 2995 Hnugarie
1116 2913 1177 2977 ete.
1203 2910 1363 2979 memorie
1377 2929 1454 2978 eoru·

341 3014 532 3085 mandamus
548 3024 664 3087 tenore
679 3019 886 3106 presoneium
903 3018 1020 3102 quibus
1031 3017 1165 3104 expedit
1181 3018 1357 3106 universis,
1373 3015 1452 3103 quod

343 3126 497 3195 Detrieus
514 3125 631 3194 Comes
648 3125 690 3194 de
706 3126 788 3193 villa
803 3126 930 3194 Felium
947 3147 1016 3213 suo,
1033 3133 1279 3211 oeterorumque
1295 3125 1453 3216 hospitum

345 3235 387 3301 de
403 3235 491 3302 dieta
505 3237 588 3304 villa
603 3236 752 3321 persium
772 3242 956 3304 nostrarum
978 3233 1300 3321 Transsyluanarum
1326 3237 1455 3306 nomini-

343 3344 405 3411 bus
421 3351 455 3412 et
470 3345 505 3412 in
521 3345 692 3430 personis,
719 3351 865 3414 nostram
892 3343 1055 3414 aeoedens
1081 3344 1221 3431 Regiam
1242 3345 1454 3413 serenitatem

345 3455 519 3538 querelose
542 3454 636 3524 nobis
663 3457 832 3544 exposuit,
849 3453 955 3542 quod,
982 3454 1130 3540 quamvis
1156 3454 1236 3522 dieti
1254 3455 1403 3542 hospites
1419 3474 1455 3521 ex

343 3563 553 3634 ooneessione
569 3565 692 3633 domini
709 3562 872 3648 qnondam
888 3567 968 3634 Belo
984 3564 1084 3649 Regis
1100 3563 1269 3651 Huugarie
1285 3562 1454 3653 predeces-

342 3673 426 3742 soris
443 3675 547 3744 nostri
563 3673 669 3742 feliois
694 3673 939 3744 reeordaoionis
949 3723 958 3758 ,
975 3675 1019 3743 ab
1040 3695 1138 3744 onere
1158 3677 1411 3763 prestandorum
1425 3675 1455 3740 in

343 3801 437 3850 usum
453 3781 653 3851 dominarum
664 3783 863 3869 Reginorum
874 3785 1010 3871 pellium
1027 3784 1210 3871 salinorum,
1227 3785 1269 3852 ob
1287 3783 1375 3870 quod
1391 3803 1457 3873 spe

343 3891 420 3959 eiall
436 3890 609 3976 privilegio
619 3941 628 3977 ,
654 3893 851 3978 nomineque
876 3895 955 3964 ville
971 3893 1083 3964 felium
1104 3894 1148 3960 ab
1164 3893 1264 3963 inioio
1281 3893 1457 3962 mansionis

344 3998 519 4068 eorundem
535 4000 700 4088 hospitum
718 4023 760 4070 ex
776 4005 901 4089 Regum
924 4005 1124 4073 liberalitate
1142 4003 1256 4071 donati
1273 4003 1387 4090 inore,
1405 4001 1459 4070 ab·

346 4107 445 4178 soluti
469 4108 654 4179 habeantur
678 4119 712 4179 et
736 4113 900 4201 exempti,
927 4112 1138 4182 nihilominus
1161 4119 1273 4181 tamen
1299 4109 1458 4200 Vayvoda

345 4221 454 4284 noster
469 4216 501 4284 in
519 4219 669 4305 partibus
685 4221 753 4290 illis
770 4222 976 4307 constitutus,
987 4221 1149 4292 etsinulla
1166 4241 1264 4309 super
1275 4241 1334 4292 eos
1351 4229 1458 4290 aueto-

344 4323 441 4392 ritate
457 4325 602 4410 preditos
612 4375 620 4410 ,
646 4347 726 4395 onos
742 4327 776 4394 id
792 4330 836 4398 ab
854 4330 903 4399 eis
918 4351 1013 4417 porro
1032 4349 1160 4418 quoque
1185 4337 1387 4415 extorquere
1406 4352 1458 4398 no·

346 4436 413 4498 stro
430 4432 490 4498 sub
507 4435 637 4500 nomine
663 4443 697 4502 et
722 4443 874 4522 pretextu
900 4449 1058 4526 pergeret
1087 4439 1171 4507 Hine
1186 4460 1247 4508 nos
1263 4441 1366 4526 Regis
1387 4439 1460 4506 olim

343 4539 555 4610 liberalitatis
572 4539 783 4628 fideliumque
798 4548 975 4616 eorundem
992 4546 1157 4636 hospitum
1174 4549 1392 4618 servioiorum
1402 4569 1461 4615 me-

346 4665 470 4729 mores,
497 4649 630 4718 eosdem
645 4653 700 4750 'ab
717 4657 804 4723 omni
828 4657 890 4726 hoe
915 4676 1047 4727 munere
1067 4659 1101 4728 in
1131 4664 1324 4748 perpetuum
1350 4659 1463 4726 iterun
