<?xml version="1.0" encoding="UTF-8"?>
<!DOCTYPE html PUBLIC "-//W3C//DTD XHTML 1.0 Transitional//EN"
    "http://www.w3.org/TR/xhtml1/DTD/xhtml1-transitional.dtd">
<html xmlns="http://www.w3.org/1999/xhtml" xml:lang="en" lang="en">
 <head>
  <title>
</title>
<meta http-equiv="Content-Type" content="text/html;charset=utf-8" />
  <meta name='ocr-system' content='tesseract 3.04.00' />
  <meta name='ocr-capabilities' content='ocr_page ocr_carea ocr_par ocr_line ocrx_word'/>
</head>
<body>
  <div class='ocr_page' id='page_1' title='image "./codexdiplomatic16wenzgoog_0047.png"; bbox 0 0 3144 5180; ppageno 0'>
   <div class='ocr_carea' id='block_1_1' title="bbox 298 1159 1414 1355">
    <p class='ocr_par' dir='ltr' id='par_1_1' title="bbox 298 1159 1414 1355">
     <span class='ocr_line' id='line_1_1' title="bbox 298 1159 1414 1251; baseline 0.003 -26"><span class='ocrx_word' id='word_1_1' title='bbox 298 1159 406 1226; x_wconf 64' lang='lat' dir='ltr'>madro</span> <span class='ocrx_word' id='word_1_2' title='bbox 420 1159 488 1247; x_wconf 75' lang='lat' dir='ltr'>cprc&#39;</span> <span class='ocrx_word' id='word_1_3' title='bbox 497 1160 620 1251; x_wconf 79' lang='lat' dir='ltr'>pltapdlc</span> <span class='ocrx_word' id='word_1_4' title='bbox 647 1182 667 1223; x_wconf 88' lang='lat' dir='ltr'>o</span> <span class='ocrx_word' id='word_1_5' title='bbox 683 1159 790 1224; x_wconf 80' lang='lat' dir='ltr'>kuaoai</span> <span class='ocrx_word' id='word_1_6' title='bbox 814 1161 922 1224; x_wconf 82' lang='lat' dir='ltr'>adreci</span> <span class='ocrx_word' id='word_1_7' title='bbox 937 1159 1087 1247; x_wconf 76' lang='lat' dir='ltr'>epyddaat</span> <span class='ocrx_word' id='word_1_8' title='bbox 1103 1183 1142 1224; x_wconf 77' lang='lat' dir='ltr'>oe</span> <span class='ocrx_word' id='word_1_9' title='bbox 1159 1163 1260 1226; x_wconf 76' lang='lat' dir='ltr'>otturn‘</span> <span class='ocrx_word' id='word_1_10' title='bbox 1283 1174 1414 1250; x_wconf 63' lang='lat' dir='ltr'>caperem</span> 
     </span>
     <span class='ocr_line' id='line_1_2' title="bbox 534 1266 1181 1355; baseline 0.005 -23"><span class='ocrx_word' id='word_1_11' title='bbox 534 1266 658 1333; x_wconf 76' lang='lat' dir='ltr'>lellceczc&#39;</span> <span class='ocrx_word' id='word_1_12' title='bbox 672 1271 821 1355; x_wconf 70' lang='lat' dir='ltr'>laatdsdpo</span> <span class='ocrx_word' id='word_1_13' title='bbox 837 1267 903 1334; x_wconf 86' lang='lat' dir='ltr'>alo&#39;l</span> <span class='ocrx_word' id='word_1_14' title='bbox 910 1267 1066 1353; x_wconf 80' lang='lat' dir='ltr'>felmeati.</span> <span class='ocrx_word' id='word_1_15' title='bbox 1084 1271 1181 1335; x_wconf 84' lang='lat'><strong><em>1290.</em></strong></span> 
     </span>
    </p>
   </div>
   <div class='ocr_carea' id='block_1_2' title="bbox 295 1458 1444 4052">
    <p class='ocr_par' dir='ltr' id='par_1_2' title="bbox 295 1458 1444 4052">
     <span class='ocr_line' id='line_1_3' title="bbox 402 1458 1412 1554; baseline 0.004 -22"><span class='ocrx_word' id='word_1_16' title='bbox 402 1458 552 1533; x_wconf 75' lang='lat' dir='ltr'>Andreas</span> <span class='ocrx_word' id='word_1_17' title='bbox 577 1465 792 1532; x_wconf 74' lang='lat' dir='ltr'><strong>miseracione</strong></span> <span class='ocrx_word' id='word_1_18' title='bbox 817 1466 940 1532; x_wconf 87' lang='lat' dir='ltr'>Dinina</span> <span class='ocrx_word' id='word_1_19' title='bbox 969 1466 1150 1552; x_wconf 75' lang='lat' dir='ltr'>Episcopus</span> <span class='ocrx_word' id='word_1_20' title='bbox 1176 1469 1348 1554; x_wconf 81' lang='lat' dir='ltr'>Agriensis</span> <span class='ocrx_word' id='word_1_21' title='bbox 1367 1471 1412 1536; x_wconf 88' lang='lat' dir='ltr'>ad</span> 
     </span>
     <span class='ocr_line' id='line_1_4' title="bbox 295 1574 1444 1664; baseline 0.002 -22"><span class='ocrx_word' id='word_1_22' title='bbox 295 1574 521 1642; x_wconf 79' lang='lat' dir='ltr'>vuinersornm</span> <span class='ocrx_word' id='word_1_23' title='bbox 538 1575 704 1654; x_wconf 80' lang='lat' dir='ltr'><strong>noticiam,</strong></span> <span class='ocrx_word' id='word_1_24' title='bbox 729 1594 866 1658; x_wconf 87' lang='lat' dir='ltr'>quorum</span> <span class='ocrx_word' id='word_1_25' title='bbox 883 1577 1021 1642; x_wconf 89' lang='lat' dir='ltr'>interest</span> <span class='ocrx_word' id='word_1_26' title='bbox 1037 1576 1089 1642; x_wconf 91' lang='lat' dir='ltr'>vel</span> <span class='ocrx_word' id='word_1_27' title='bbox 1106 1578 1266 1646; x_wconf 80' lang='lat' dir='ltr'>interesse</span> <span class='ocrx_word' id='word_1_28' title='bbox 1281 1577 1411 1664; x_wconf 89' lang='lat' dir='ltr'>poterit,</span> <span class='ocrx_word' id='word_1_29' title='bbox 1442 1653 1444 1656; x_wconf 48' lang='grc'><strong>,</strong></span> 
     </span>
     <span class='ocr_line' id='line_1_5' title="bbox 296 1683 1410 1773; baseline -0.001 -21"><span class='ocrx_word' id='word_1_30' title='bbox 296 1685 444 1752; x_wconf 85' lang='lat' dir='ltr'>volumus</span> <span class='ocrx_word' id='word_1_31' title='bbox 459 1683 629 1770; x_wconf 85' lang='lat' dir='ltr'>pemanire</span> <span class='ocrx_word' id='word_1_32' title='bbox 644 1701 704 1768; x_wconf 90' lang='lat' dir='ltr'>per</span> <span class='ocrx_word' id='word_1_33' title='bbox 728 1703 868 1767; x_wconf 83' lang='lat' dir='ltr'>presens</span> <span class='ocrx_word' id='word_1_34' title='bbox 886 1683 1054 1768; x_wconf 77' lang='lat' dir='ltr'>scripum,</span> <span class='ocrx_word' id='word_1_35' title='bbox 1074 1685 1294 1773; x_wconf 73' lang='lat' dir='ltr'>concludes,</span> <span class='ocrx_word' id='word_1_36' title='bbox 1313 1690 1410 1770; x_wconf 89' lang='lat' dir='ltr'>ciues,</span> 
     </span>
     <span class='ocr_line' id='line_1_6' title="bbox 296 1792 1411 1880; baseline 0.002 -23"><span class='ocrx_word' id='word_1_37' title='bbox 296 1799 330 1859; x_wconf 90' lang='lat' dir='ltr'>et</span> <span class='ocrx_word' id='word_1_38' title='bbox 345 1795 541 1862; x_wconf 79' lang='lat' dir='ltr'>uniuersitas</span> <span class='ocrx_word' id='word_1_39' title='bbox 567 1793 731 1878; x_wconf 89' lang='lat' dir='ltr'>hospitum</span> <span class='ocrx_word' id='word_1_40' title='bbox 748 1792 790 1858; x_wconf 89' lang='lat' dir='ltr'>de</span> <span class='ocrx_word' id='word_1_41' title='bbox 807 1792 913 1860; x_wconf 81' lang='lat' dir='ltr'>(lassa</span> <span class='ocrx_word' id='word_1_42' title='bbox 927 1801 1039 1861; x_wconf 86' lang='lat' dir='ltr'>nostre</span> <span class='ocrx_word' id='word_1_43' title='bbox 1055 1794 1225 1880; x_wconf 88' lang='lat' dir='ltr'>Dioccsis,</span> <span class='ocrx_word' id='word_1_44' title='bbox 1251 1797 1364 1863; x_wconf 86' lang='lat' dir='ltr'>dilecti</span> <span class='ocrx_word' id='word_1_45' title='bbox 1381 1797 1411 1860; x_wconf 94' lang='lat' dir='ltr'>in</span> 
     </span>
     <span class='ocr_line' id='line_1_7' title="bbox 297 1901 1412 1990; baseline -0.002 -20"><span class='ocrx_word' id='word_1_46' title='bbox 297 1901 635 1984; x_wconf 73' lang='lat' dir='ltr'>consuluissem,</span> <span class='ocrx_word' id='word_1_47' title='bbox 653 1901 696 1966; x_wconf 91' lang='lat' dir='ltr'>ad</span> <span class='ocrx_word' id='word_1_48' title='bbox 711 1905 856 1968; x_wconf 90' lang='lat' dir='ltr'>nostram</span> <span class='ocrx_word' id='word_1_49' title='bbox 877 1903 1094 1986; x_wconf 80' lang='lat' dir='ltr'>personaliter</span> <span class='ocrx_word' id='word_1_50' title='bbox 1119 1902 1317 1972; x_wconf 87' lang='lat' dir='ltr'>accedentes</span> <span class='ocrx_word' id='word_1_51' title='bbox 1343 1924 1412 1990; x_wconf 88' lang='lat' dir='ltr'>pre-</span> 
     </span>
     <span class='ocr_line' id='line_1_8' title="bbox 296 2009 1414 2098; baseline -0.001 -19"><span class='ocrx_word' id='word_1_52' title='bbox 296 2013 455 2092; x_wconf 88' lang='lat' dir='ltr'>senciam,</span> <span class='ocrx_word' id='word_1_53' title='bbox 471 2031 492 2076; x_wconf 92' lang='lat' dir='ltr'>a</span> <span class='ocrx_word' id='word_1_54' title='bbox 508 2009 604 2077; x_wconf 89' lang='lat' dir='ltr'>nobis</span> <span class='ocrx_word' id='word_1_55' title='bbox 622 2029 693 2077; x_wconf 90' lang='lat' dir='ltr'>cum</span> <span class='ocrx_word' id='word_1_56' title='bbox 714 2010 837 2078; x_wconf 88' lang='lat' dir='ltr'>denota</span> <span class='ocrx_word' id='word_1_57' title='bbox 853 2029 987 2094; x_wconf 86' lang='lat' dir='ltr'>precum</span> <span class='ocrx_word' id='word_1_58' title='bbox 1012 2011 1177 2077; x_wconf 79' lang='lat' dir='ltr'>instancia</span> <span class='ocrx_word' id='word_1_59' title='bbox 1192 2011 1414 2098; x_wconf 84' lang='lat' dir='ltr'>supplicantes</span> 
     </span>
     <span class='ocr_line' id='line_1_9' title="bbox 297 2118 1412 2205; baseline -0.002 -19"><span class='ocrx_word' id='word_1_60' title='bbox 297 2118 475 2205; x_wconf 86' lang='lat' dir='ltr'>pecierunt,</span> <span class='ocrx_word' id='word_1_61' title='bbox 494 2125 530 2185; x_wconf 85' lang='lat' dir='ltr'>vt</span> <span class='ocrx_word' id='word_1_62' title='bbox 545 2119 636 2204; x_wconf 89' lang='lat' dir='ltr'>ipsos</span> <span class='ocrx_word' id='word_1_63' title='bbox 645 2123 680 2182; x_wconf 92' lang='lat' dir='ltr'>et</span> <span class='ocrx_word' id='word_1_64' title='bbox 695 2118 877 2186; x_wconf 80' lang='lat' dir='ltr'>Ecclesiam</span> <span class='ocrx_word' id='word_1_65' title='bbox 894 2137 1007 2184; x_wconf 89' lang='lat' dir='ltr'>eornm</span> <span class='ocrx_word' id='word_1_66' title='bbox 1018 2118 1061 2184; x_wconf 89' lang='lat' dir='ltr'>ab</span> <span class='ocrx_word' id='word_1_67' title='bbox 1078 2119 1224 2187; x_wconf 91' lang='lat' dir='ltr'>indebita</span> <span class='ocrx_word' id='word_1_68' title='bbox 1234 2120 1412 2186; x_wconf 84' lang='lat' dir='ltr'>vexacione</span> 
     </span>
     <span class='ocr_line' id='line_1_10' title="bbox 296 2225 1411 2315; baseline 0.001 -21"><span class='ocrx_word' id='word_1_69' title='bbox 296 2227 496 2314; x_wconf 88' lang='lat' dir='ltr'>parochialis</span> <span class='ocrx_word' id='word_1_70' title='bbox 511 2225 743 2296; x_wconf 79' lang='lat' dir='ltr'>Archidiaconi</span> <span class='ocrx_word' id='word_1_71' title='bbox 753 2235 786 2291; x_wconf 86' lang='lat' dir='ltr'>et</span> <span class='ocrx_word' id='word_1_72' title='bbox 802 2227 1016 2294; x_wconf 87' lang='lat' dir='ltr'>immoderato</span> <span class='ocrx_word' id='word_1_73' title='bbox 1028 2225 1218 2295; x_wconf 89' lang='lat' dir='ltr'>Dininorum</span> <span class='ocrx_word' id='word_1_74' title='bbox 1229 2227 1411 2315; x_wconf 89' lang='lat' dir='ltr'>interdicto,</span> 
     </span>
     <span class='ocr_line' id='line_1_11' title="bbox 297 2333 1411 2422; baseline 0 -18"><span class='ocrx_word' id='word_1_75' title='bbox 297 2343 332 2404; x_wconf 88' lang='lat' dir='ltr'>vt</span> <span class='ocrx_word' id='word_1_76' title='bbox 347 2337 507 2404; x_wconf 88' lang='lat' dir='ltr'>hactenus</span> <span class='ocrx_word' id='word_1_77' title='bbox 532 2335 717 2419; x_wconf 81' lang='lat' dir='ltr'>frequenter</span> <span class='ocrx_word' id='word_1_78' title='bbox 742 2333 883 2420; x_wconf 91' lang='lat' dir='ltr'>accidit,</span> <span class='ocrx_word' id='word_1_79' title='bbox 910 2335 1051 2421; x_wconf 88' lang='lat' dir='ltr'>petendo</span> <span class='ocrx_word' id='word_1_80' title='bbox 1078 2357 1135 2421; x_wconf 89' lang='lat' dir='ltr'>pro</span> <span class='ocrx_word' id='word_1_81' title='bbox 1161 2336 1307 2422; x_wconf 88' lang='lat' dir='ltr'>quolibet</span> <span class='ocrx_word' id='word_1_82' title='bbox 1332 2357 1411 2406; x_wconf 89' lang='lat' dir='ltr'>casu</span> 
     </span>
     <span class='ocr_line' id='line_1_12' title="bbox 296 2444 1410 2534; baseline 0 -22"><span class='ocrx_word' id='word_1_83' title='bbox 296 2445 412 2513; x_wconf 90' lang='lat' dir='ltr'>mortis</span> <span class='ocrx_word' id='word_1_84' title='bbox 427 2444 590 2512; x_wconf 93' lang='lat' dir='ltr'>hominnm</span> <span class='ocrx_word' id='word_1_85' title='bbox 608 2463 706 2512; x_wconf 88' lang='lat' dir='ltr'>sexus</span> <span class='ocrx_word' id='word_1_86' title='bbox 723 2444 891 2528; x_wconf 80' lang='lat' dir='ltr'>utriusque</span> <span class='ocrx_word' id='word_1_87' title='bbox 907 2449 1059 2531; x_wconf 88' lang='lat' dir='ltr'>penalem</span> <span class='ocrx_word' id='word_1_88' title='bbox 1076 2465 1221 2515; x_wconf 89' lang='lat' dir='ltr'>marcam</span> <span class='ocrx_word' id='word_1_89' title='bbox 1238 2469 1296 2534; x_wconf 91' lang='lat' dir='ltr'>pro</span> <span class='ocrx_word' id='word_1_90' title='bbox 1312 2447 1410 2515; x_wconf 92' lang='lat' dir='ltr'>homi·</span> 
     </span>
     <span class='ocr_line' id='line_1_13' title="bbox 298 2553 1412 2640; baseline 0.003 -20"><span class='ocrx_word' id='word_1_91' title='bbox 298 2555 382 2620; x_wconf 93' lang='lat' dir='ltr'>cidio</span> <span class='ocrx_word' id='word_1_92' title='bbox 399 2553 631 2638; x_wconf 88' lang='lat' dir='ltr'>quouismodo‚</span> <span class='ocrx_word' id='word_1_93' title='bbox 643 2555 714 2620; x_wconf 90' lang='lat' dir='ltr'>siue</span> <span class='ocrx_word' id='word_1_94' title='bbox 725 2560 889 2640; x_wconf 83' lang='lat' dir='ltr'>appareat</span> <span class='ocrx_word' id='word_1_95' title='bbox 906 2554 1051 2621; x_wconf 90' lang='lat' dir='ltr'>sinenon</span> <span class='ocrx_word' id='word_1_96' title='bbox 1062 2553 1236 2639; x_wconf 90' lang='lat' dir='ltr'>homicida,</span> <span class='ocrx_word' id='word_1_97' title='bbox 1257 2557 1412 2623; x_wconf 91' lang='lat' dir='ltr'>alleniare</span> 
     </span>
     <span class='ocr_line' id='line_1_14' title="bbox 297 2659 1411 2748; baseline 0.001 -18"><span class='ocrx_word' id='word_1_98' title='bbox 297 2663 516 2748; x_wconf 83' lang='lat' dir='ltr'>dignaremur.</span> <span class='ocrx_word' id='word_1_99' title='bbox 540 2661 609 2728; x_wconf 85' lang='lat' dir='ltr'>Nos</span> <span class='ocrx_word' id='word_1_100' title='bbox 625 2659 725 2746; x_wconf 81' lang='lat' dir='ltr'>igitur</span> <span class='ocrx_word' id='word_1_101' title='bbox 740 2664 886 2730; x_wconf 82' lang='lat' dir='ltr'>volentes</span> <span class='ocrx_word' id='word_1_102' title='bbox 912 2661 1069 2731; x_wconf 83' lang='lat' dir='ltr'>effrenate</span> <span class='ocrx_word' id='word_1_103' title='bbox 1086 2663 1278 2734; x_wconf 80' lang='lat' dir='ltr'>ambicionis</span> <span class='ocrx_word' id='word_1_104' title='bbox 1294 2667 1411 2732; x_wconf 82' lang='lat' dir='ltr'>vicium</span> 
     </span>
     <span class='ocr_line' id='line_1_15' title="bbox 297 2769 1410 2859; baseline 0.003 -20"><span class='ocrx_word' id='word_1_105' title='bbox 297 2770 476 2855; x_wconf 77' lang='lat' dir='ltr'>refrenare,</span> <span class='ocrx_word' id='word_1_106' title='bbox 493 2777 527 2836; x_wconf 89' lang='lat' dir='ltr'>et</span> <span class='ocrx_word' id='word_1_107' title='bbox 543 2769 630 2853; x_wconf 89' lang='lat' dir='ltr'>quod</span> <span class='ocrx_word' id='word_1_108' title='bbox 646 2771 784 2838; x_wconf 84' lang='lat' dir='ltr'>informe</span> <span class='ocrx_word' id='word_1_109' title='bbox 802 2778 854 2837; x_wconf 90' lang='lat' dir='ltr'>est</span> <span class='ocrx_word' id='word_1_110' title='bbox 869 2771 1058 2859; x_wconf 86' lang='lat' dir='ltr'>reformare,</span> <span class='ocrx_word' id='word_1_111' title='bbox 1070 2793 1110 2840; x_wconf 84' lang='lat' dir='ltr'>ex</span> <span class='ocrx_word' id='word_1_112' title='bbox 1127 2773 1224 2842; x_wconf 85' lang='lat' dir='ltr'>cilicii</span> <span class='ocrx_word' id='word_1_113' title='bbox 1242 2776 1345 2843; x_wconf 87' lang='lat' dir='ltr'>nostri</span> <span class='ocrx_word' id='word_1_114' title='bbox 1360 2773 1410 2842; x_wconf 90' lang='lat' dir='ltr'>de-</span> 
     </span>
     <span class='ocr_line' id='line_1_16' title="bbox 297 2878 1410 2968; baseline -0.003 -17"><span class='ocrx_word' id='word_1_115' title='bbox 297 2883 375 2960; x_wconf 90' lang='lat' dir='ltr'>bito,</span> <span class='ocrx_word' id='word_1_116' title='bbox 392 2889 426 2949; x_wconf 92' lang='lat' dir='ltr'>et</span> <span class='ocrx_word' id='word_1_117' title='bbox 440 2879 495 2967; x_wconf 89' lang='lat' dir='ltr'>pie</span> <span class='ocrx_word' id='word_1_118' title='bbox 511 2878 774 2946; x_wconf 85' lang='lat' dir='ltr'>condescendere</span> <span class='ocrx_word' id='word_1_119' title='bbox 791 2879 988 2965; x_wconf 88' lang='lat' dir='ltr'>petentibus,</span> <span class='ocrx_word' id='word_1_120' title='bbox 1006 2881 1202 2968; x_wconf 90' lang='lat' dir='ltr'>peticionem</span> <span class='ocrx_word' id='word_1_121' title='bbox 1213 2891 1246 2950; x_wconf 91' lang='lat' dir='ltr'>ct</span> <span class='ocrx_word' id='word_1_122' title='bbox 1265 2889 1344 2950; x_wconf 84' lang='lat' dir='ltr'>vota</span> <span class='ocrx_word' id='word_1_123' title='bbox 1359 2885 1410 2950; x_wconf 91' lang='lat' dir='ltr'>Jn·</span> 
     </span>
     <span class='ocr_line' id='line_1_17' title="bbox 297 2987 1409 3078; baseline -0.001 -19"><span class='ocrx_word' id='word_1_124' title='bbox 297 2993 379 3059; x_wconf 89' lang='lat' dir='ltr'>dicis</span> <span class='ocrx_word' id='word_1_125' title='bbox 395 2997 428 3056; x_wconf 90' lang='lat' dir='ltr'>et</span> <span class='ocrx_word' id='word_1_126' title='bbox 436 2989 598 3074; x_wconf 85' lang='lat' dir='ltr'>hospitum</span> <span class='ocrx_word' id='word_1_127' title='bbox 609 2989 838 3073; x_wconf 90' lang='lat' dir='ltr'>predictorum,</span> <span class='ocrx_word' id='word_1_128' title='bbox 849 3007 920 3055; x_wconf 88' lang='lat' dir='ltr'>eum</span> <span class='ocrx_word' id='word_1_129' title='bbox 931 2990 996 3054; x_wconf 89' lang='lat' dir='ltr'>sint</span> <span class='ocrx_word' id='word_1_130' title='bbox 1005 2989 1063 3056; x_wconf 88' lang='lat' dir='ltr'>filii</span> <span class='ocrx_word' id='word_1_131' title='bbox 1080 2991 1184 3056; x_wconf 90' lang='lat' dir='ltr'>eciam</span> <span class='ocrx_word' id='word_1_132' title='bbox 1194 2993 1311 3059; x_wconf 80' lang='lat' dir='ltr'>uterini</span> <span class='ocrx_word' id='word_1_133' title='bbox 1327 2987 1409 3078; x_wconf 78' lang='lat' dir='ltr'>(lgy)</span> 
     </span>
     <span class='ocr_line' id='line_1_18' title="bbox 298 3097 1412 3184; baseline -0.004 -17"><span class='ocrx_word' id='word_1_134' title='bbox 298 3098 458 3184; x_wconf 75' lang='lat' dir='ltr'>Ecclesia,</span> <span class='ocrx_word' id='word_1_135' title='bbox 468 3104 607 3183; x_wconf 84' lang='lat' dir='ltr'>paterna</span> <span class='ocrx_word' id='word_1_136' title='bbox 618 3097 868 3165; x_wconf 90' lang='lat' dir='ltr'>mansuetudine</span> <span class='ocrx_word' id='word_1_137' title='bbox 879 3098 1127 3184; x_wconf 88' lang='lat' dir='ltr'>amplectentes,</span> <span class='ocrx_word' id='word_1_138' title='bbox 1139 3099 1320 3168; x_wconf 78' lang='lat' dir='ltr'>Ecclesiam</span> <span class='ocrx_word' id='word_1_139' title='bbox 1329 3101 1412 3184; x_wconf 90' lang='lat' dir='ltr'>ipso-</span> 
     </span>
     <span class='ocr_line' id='line_1_19' title="bbox 296 3205 1407 3290; baseline -0.006 -13"><span class='ocrx_word' id='word_1_140' title='bbox 296 3229 366 3277; x_wconf 88' lang='lat' dir='ltr'>rum</span> <span class='ocrx_word' id='word_1_141' title='bbox 383 3207 502 3274; x_wconf 89' lang='lat' dir='ltr'>nedum</span> <span class='ocrx_word' id='word_1_142' title='bbox 518 3205 755 3288; x_wconf 80' lang='lat' dir='ltr'>aggnanaminc</span> <span class='ocrx_word' id='word_1_143' title='bbox 770 3205 1021 3272; x_wconf 86' lang='lat' dir='ltr'>homicidiorum</span> <span class='ocrx_word' id='word_1_144' title='bbox 1039 3207 1141 3289; x_wconf 90' lang='lat' dir='ltr'>petito</span> <span class='ocrx_word' id='word_1_145' title='bbox 1151 3257 1159 3290; x_wconf 90' lang='lat'><strong><em>,</em></strong></span> <span class='ocrx_word' id='word_1_146' title='bbox 1177 3225 1286 3273; x_wconf 80' lang='lat' dir='ltr'>verum</span> <span class='ocrx_word' id='word_1_147' title='bbox 1304 3207 1407 3274; x_wconf 87' lang='lat' dir='ltr'>eciam</span> 
     </span>
     <span class='ocr_line' id='line_1_20' title="bbox 297 3313 1411 3408; baseline -0.004 -24"><span class='ocrx_word' id='word_1_148' title='bbox 297 3319 339 3384; x_wconf 88' lang='lat' dir='ltr'>ab</span> <span class='ocrx_word' id='word_1_149' title='bbox 364 3316 452 3382; x_wconf 92' lang='lat' dir='ltr'>omni</span> <span class='ocrx_word' id='word_1_150' title='bbox 472 3314 704 3408; x_wconf 88' lang='lat' dir='ltr'>jurisdieeione</span> <span class='ocrx_word' id='word_1_151' title='bbox 730 3313 961 3381; x_wconf 87' lang='lat' dir='ltr'>Archidiaconi</span> <span class='ocrx_word' id='word_1_152' title='bbox 991 3315 1189 3400; x_wconf 85' lang='lat' dir='ltr'>parochialis</span> <span class='ocrx_word' id='word_1_153' title='bbox 1215 3314 1411 3382; x_wconf 79' lang='lat' dir='ltr'>authoritate</span> 
     </span>
     <span class='ocr_line' id='line_1_21' title="bbox 297 3423 1409 3514; baseline -0.004 -19"><span class='ocrx_word' id='word_1_154' title='bbox 297 3426 500 3514; x_wconf 88' lang='lat' dir='ltr'>presencium</span> <span class='ocrx_word' id='word_1_155' title='bbox 517 3445 629 3493; x_wconf 89' lang='lat' dir='ltr'>amore</span> <span class='ocrx_word' id='word_1_156' title='bbox 654 3424 818 3510; x_wconf 88' lang='lat' dir='ltr'>hospitum</span> <span class='ocrx_word' id='word_1_157' title='bbox 843 3424 1062 3508; x_wconf 89' lang='lat' dir='ltr'>predictorum</span> <span class='ocrx_word' id='word_1_158' title='bbox 1087 3423 1238 3491; x_wconf 85' lang='lat' dir='ltr'>duximus</span> <span class='ocrx_word' id='word_1_159' title='bbox 1263 3425 1409 3492; x_wconf 82' lang='lat' dir='ltr'>eximen-</span> 
     </span>
     <span class='ocr_line' id='line_1_22' title="bbox 297 3533 1411 3618; baseline -0.002 -18"><span class='ocrx_word' id='word_1_160' title='bbox 297 3535 383 3602; x_wconf 89' lang='lat' dir='ltr'>dam.</span> <span class='ocrx_word' id='word_1_161' title='bbox 407 3533 639 3603; x_wconf 74' lang='lat' dir='ltr'>concessimus</span> <span class='ocrx_word' id='word_1_162' title='bbox 657 3533 770 3613; x_wconf 91' lang='lat' dir='ltr'>eciam,</span> <span class='ocrx_word' id='word_1_163' title='bbox 787 3538 824 3598; x_wconf 88' lang='lat' dir='ltr'>vt</span> <span class='ocrx_word' id='word_1_164' title='bbox 840 3551 953 3600; x_wconf 84' lang='lat' dir='ltr'>omnes</span> <span class='ocrx_word' id='word_1_165' title='bbox 970 3552 1087 3600; x_wconf 86' lang='lat' dir='ltr'>causas</span> <span class='ocrx_word' id='word_1_166' title='bbox 1105 3533 1293 3618; x_wconf 87' lang='lat' dir='ltr'>spirituales</span> <span class='ocrx_word' id='word_1_167' title='bbox 1310 3533 1343 3598; x_wconf 94' lang='lat' dir='ltr'>in</span> <span class='ocrx_word' id='word_1_168' title='bbox 1360 3555 1411 3599; x_wconf 90' lang='lat' dir='ltr'>ea·</span> 
     </span>
     <span class='ocr_line' id='line_1_23' title="bbox 298 3641 1411 3729; baseline -0.005 -18"><span class='ocrx_word' id='word_1_169' title='bbox 298 3646 370 3711; x_wconf 90' lang='lat' dir='ltr'>dem</span> <span class='ocrx_word' id='word_1_170' title='bbox 386 3644 469 3710; x_wconf 90' lang='lat' dir='ltr'>villa</span> <span class='ocrx_word' id='word_1_171' title='bbox 485 3649 689 3728; x_wconf 82' lang='lat' dir='ltr'>emergentes</span> <span class='ocrx_word' id='word_1_172' title='bbox 700 3643 817 3708; x_wconf 88' lang='lat' dir='ltr'>Rector</span> <span class='ocrx_word' id='word_1_173' title='bbox 833 3641 904 3708; x_wconf 89' lang='lat' dir='ltr'>sinc</span> <span class='ocrx_word' id='word_1_174' title='bbox 920 3642 1077 3710; x_wconf 87' lang='lat' dir='ltr'>sacerdos</span> <span class='ocrx_word' id='word_1_175' title='bbox 1087 3642 1191 3729; x_wconf 89' lang='lat' dir='ltr'>ipsius</span> <span class='ocrx_word' id='word_1_176' title='bbox 1208 3641 1357 3709; x_wconf 82' lang='lat' dir='ltr'>Ecclesia</span> <span class='ocrx_word' id='word_1_177' title='bbox 1373 3643 1411 3707; x_wconf 86' lang='lat' dir='ltr'>de</span> 
     </span>
     <span class='ocr_line' id='line_1_24' title="bbox 298 3747 1412 3838; baseline -0.007 -18"><span class='ocrx_word' id='word_1_178' title='bbox 298 3753 406 3820; x_wconf 82' lang='lat' dir='ltr'>(lassa</span> <span class='ocrx_word' id='word_1_179' title='bbox 415 3751 565 3838; x_wconf 89' lang='lat' dir='ltr'>judicare</span> <span class='ocrx_word' id='word_1_180' title='bbox 581 3749 705 3836; x_wconf 84' lang='lat' dir='ltr'>possit,</span> <span class='ocrx_word' id='word_1_181' title='bbox 731 3755 764 3815; x_wconf 89' lang='lat' dir='ltr'>ct</span> <span class='ocrx_word' id='word_1_182' title='bbox 780 3749 823 3814; x_wconf 91' lang='lat' dir='ltr'>ad</span> <span class='ocrx_word' id='word_1_183' title='bbox 839 3747 926 3832; x_wconf 86' lang='lat' dir='ltr'>quod</span> <span class='ocrx_word' id='word_1_184' title='bbox 941 3750 995 3815; x_wconf 86' lang='lat' dir='ltr'>vel</span> <span class='ocrx_word' id='word_1_185' title='bbox 1010 3750 1054 3816; x_wconf 91' lang='lat' dir='ltr'>ad</span> <span class='ocrx_word' id='word_1_186' title='bbox 1070 3769 1153 3834; x_wconf 81' lang='lat' dir='ltr'>quas</span> <span class='ocrx_word' id='word_1_187' title='bbox 1172 3749 1274 3833; x_wconf 89' lang='lat' dir='ltr'>ipsios</span> <span class='ocrx_word' id='word_1_188' title='bbox 1290 3749 1412 3835; x_wconf 86' lang='lat' dir='ltr'>pericia</span> 
     </span>
     <span class='ocr_line' id='line_1_25' title="bbox 297 3857 1411 3943; baseline -0.004 -16"><span class='ocrx_word' id='word_1_189' title='bbox 297 3881 362 3927; x_wconf 94' lang='lat' dir='ltr'>non</span> <span class='ocrx_word' id='word_1_190' title='bbox 378 3858 541 3926; x_wconf 86' lang='lat' dir='ltr'>sufficeret</span> <span class='ocrx_word' id='word_1_191' title='bbox 552 3857 763 3943; x_wconf 86' lang='lat' dir='ltr'>judicandas,</span> <span class='ocrx_word' id='word_1_192' title='bbox 781 3859 815 3922; x_wconf 93' lang='lat' dir='ltr'>in</span> <span class='ocrx_word' id='word_1_193' title='bbox 832 3857 882 3922; x_wconf 88' lang='lat' dir='ltr'>his</span> <span class='ocrx_word' id='word_1_194' title='bbox 898 3858 943 3924; x_wconf 90' lang='lat' dir='ltr'>sit</span> <span class='ocrx_word' id='word_1_195' title='bbox 957 3859 1002 3924; x_wconf 90' lang='lat' dir='ltr'>ad</span> <span class='ocrx_word' id='word_1_196' title='bbox 1019 3879 1079 3926; x_wconf 92' lang='lat' dir='ltr'>nos</span> <span class='ocrx_word' id='word_1_197' title='bbox 1090 3859 1328 3925; x_wconf 87' lang='lat' dir='ltr'>recurrendum.</span> <span class='ocrx_word' id='word_1_198' title='bbox 1347 3858 1411 3922; x_wconf 87' lang='lat' dir='ltr'>Da·</span> 
     </span>
     <span class='ocr_line' id='line_1_26' title="bbox 296 3964 1178 4052; baseline -0.001 -20"><span class='ocrx_word' id='word_1_199' title='bbox 296 3974 363 4035; x_wconf 87' lang='lat' dir='ltr'>tum</span> <span class='ocrx_word' id='word_1_200' title='bbox 380 3968 414 4034; x_wconf 89' lang='lat' dir='ltr'>iu</span> <span class='ocrx_word' id='word_1_201' title='bbox 430 3967 538 4034; x_wconf 84' lang='lat' dir='ltr'>Zekes</span> <span class='ocrx_word' id='word_1_202' title='bbox 553 3987 638 4033; x_wconf 88' lang='lat' dir='ltr'>anno</span> <span class='ocrx_word' id='word_1_203' title='bbox 654 3965 788 4032; x_wconf 92' lang='lat' dir='ltr'>Domini</span> <span class='ocrx_word' id='word_1_204' title='bbox 804 3965 854 4032; x_wconf 75' lang='grc' dir='ltr'>Μο</span> <span class='ocrx_word' id='word_1_205' title='bbox 870 3964 940 4032; x_wconf 81' lang='lat'>00⁰</span> <span class='ocrx_word' id='word_1_206' title='bbox 955 3967 1178 4052; x_wconf 81' lang='lat' dir='ltr'>nonagesimo.</span> 
     </span>
    </p>
   </div>
   <div class='ocr_carea' id='block_1_3' title="bbox 297 4160 1411 4238">
    <p class='ocr_par' dir='ltr' id='par_1_3' title="bbox 297 4160 1411 4238">
     <span class='ocr_line' id='line_1_27' title="bbox 297 4160 1411 4238; baseline 0.001 -22"><span class='ocrx_word' id='word_1_207' title='bbox 297 4161 384 4234; x_wconf 90' lang='lat' dir='ltr'>(imre</span> <span class='ocrx_word' id='word_1_208' title='bbox 404 4165 465 4236; x_wconf 78' lang='lat' dir='ltr'>egri</span> <span class='ocrx_word' id='word_1_209' title='bbox 478 4163 594 4236; x_wconf 83' lang='lat' dir='ltr'>piispttln</span> <span class='ocrx_word' id='word_1_210' title='bbox 608 4161 718 4218; x_wconf 78' lang='lat' dir='ltr'>leet-ti</span> <span class='ocrx_word' id='word_1_211' title='bbox 731 4160 905 4232; x_wconf 81' lang='lat' dir='ltr'>megerdslto&#39;</span> <span class='ocrx_word' id='word_1_212' title='bbox 919 4161 1123 4234; x_wconf 70' lang='lat' dir='ltr'>okmdnydbdl</span> <span class='ocrx_word' id='word_1_213' title='bbox 1143 4163 1219 4232; x_wconf 88' lang='lat' dir='ltr'>moly</span> <span class='ocrx_word' id='word_1_214' title='bbox 1232 4161 1294 4219; x_wconf 87' lang='lat' dir='ltr'>kelt</span> <span class='ocrx_word' id='word_1_215' title='bbox 1309 4161 1411 4238; x_wconf 79' lang='lat' dir='ltr'>„Agris</span> 
     </span>
    </p>
   </div>
   <div class='ocr_carea' id='block_1_4' title="bbox 296 4250 1411 4416">
    <p class='ocr_par' dir='ltr' id='par_1_4' title="bbox 296 4250 1411 4416">
     <span class='ocr_line' id='line_1_28' title="bbox 296 4250 1411 4326; baseline -0.003 -15"><span class='ocrx_word' id='word_1_216' title='bbox 296 4259 326 4311; x_wconf 93' lang='lat' dir='ltr'>in</span> <span class='ocrx_word' id='word_1_217' title='bbox 339 4255 440 4325; x_wconf 80' lang='lat' dir='ltr'>vigilia</span> <span class='ocrx_word' id='word_1_218' title='bbox 453 4253 539 4311; x_wconf 86' lang='lat' dir='ltr'>Beati</span> <span class='ocrx_word' id='word_1_219' title='bbox 549 4253 656 4309; x_wconf 80' lang='lat' dir='ltr'>Mathai</span> <span class='ocrx_word' id='word_1_220' title='bbox 666 4253 796 4324; x_wconf 83' lang='lat' dir='ltr'>Apostoli</span> <span class='ocrx_word' id='word_1_221' title='bbox 807 4259 837 4308; x_wconf 87' lang='lat' dir='ltr'>et</span> <span class='ocrx_word' id='word_1_222' title='bbox 847 4253 1061 4326; x_wconf 81' lang='lat' dir='ltr'>Evangeliste“,</span> <span class='ocrx_word' id='word_1_223' title='bbox 1071 4253 1101 4308; x_wconf 80' lang='lat' dir='ltr'>es</span> <span class='ocrx_word' id='word_1_224' title='bbox 1112 4254 1247 4309; x_wconf 83' lang='lat' dir='ltr'>driatetik</span> <span class='ocrx_word' id='word_1_225' title='bbox 1258 4253 1354 4310; x_wconf 86' lang='lat' dir='ltr'>Kassa</span> <span class='ocrx_word' id='word_1_226' title='bbox 1365 4250 1411 4308; x_wconf 73' lang='lat' dir='ltr'>ri-</span> 
     </span>
     <span class='ocr_line' id='line_1_29' title="bbox 297 4341 1410 4416; baseline -0.008 -12"><span class='ocrx_word' id='word_1_227' title='bbox 297 4367 344 4404; x_wconf 85' lang='lat' dir='ltr'>nos</span> <span class='ocrx_word' id='word_1_228' title='bbox 356 4343 565 4404; x_wconf 73' lang='lat' dir='ltr'>levelttrdban.</span> <span class='ocrx_word' id='word_1_229' title='bbox 583 4342 745 4401; x_wconf 81' lang='lat' dir='ltr'>Kivonatdt</span> <span class='ocrx_word' id='word_1_230' title='bbox 757 4343 873 4399; x_wconf 79' lang='lat' dir='ltr'>konotte</span> <span class='ocrx_word' id='word_1_231' title='bbox 887 4342 972 4412; x_wconf 73' lang='lat' dir='ltr'>Fejer</span> <span class='ocrx_word' id='word_1_232' title='bbox 983 4344 1052 4399; x_wconf 84' lang='lat' dir='ltr'>Cod.</span> <span class='ocrx_word' id='word_1_233' title='bbox 1065 4345 1142 4416; x_wconf 89' lang='lat' dir='ltr'>Dipl.</span> <span class='ocrx_word' id='word_1_234' title='bbox 1156 4343 1205 4399; x_wconf 92' lang='lat' dir='ltr'>Vl.</span> <span class='ocrx_word' id='word_1_235' title='bbox 1219 4343 1247 4397; x_wconf 78' lang='lat' dir='ltr'>ln.</span> <span class='ocrx_word' id='word_1_236' title='bbox 1258 4345 1279 4400; x_wconf 92' lang='lat'>1.</span> <span class='ocrx_word' id='word_1_237' title='bbox 1293 4364 1314 4398; x_wconf 94' lang='lat' dir='ltr'>r.</span> <span class='ocrx_word' id='word_1_238' title='bbox 1328 4344 1370 4400; x_wconf 83' lang='grc'>73.</span> <span class='ocrx_word' id='word_1_239' title='bbox 1380 4341 1410 4413; x_wconf 90' lang='lat' dir='ltr'>l.)</span> 
     </span>
    </p>
   </div>
   <div class='ocr_carea' id='block_1_5' title="bbox 740 4628 929 4642">
    <p class='ocr_par' dir='ltr' id='par_1_5' title="bbox 740 4628 929 4642">
     <span class='ocr_line' id='line_1_30' title="bbox 740 4628 929 4642; baseline 0.005 -1"><span class='ocrx_word' id='word_1_240' title='bbox 740 4628 929 4642; x_wconf 62' lang='lat' dir='ltr'>——u-——n—n-</span> 
     </span>
    </p>
   </div>
   <div class='ocr_carea' id='block_1_6' title="bbox 0 0 1577 5172">
    <p class='ocr_par' dir='ltr' id='par_1_6' title="bbox 0 0 1577 5172">
     <span class='ocr_line' id='line_1_31' title="bbox 0 0 1577 5172; baseline 0 0"><span class='ocrx_word' id='word_1_241' title='bbox 0 0 1577 5172; x_wconf 95' lang='lat' dir='ltr'> </span> 
     </span>
    </p>
   </div>
  </div>
 </body>
</html>
