3130 5158
360 1395 390 1462 A
399 1396 488 1484 paeri
502 1392 656 1481 kdptalcn
681 1393 877 1479 biaooyadpot
902 1402 962 1456 lasz
987 1393 1092 1478 arnol,
1119 1391 1198 1478 lopy
1223 1393 1396 1478 epyrtsarlil
1418 1392 1476 1456 Tu-

359 1509 426 1570 mda
441 1502 577 1590 bompdk
590 1503 711 1590 pttcpltk
727 1503 757 1566 ea
772 1504 900 1566 testoore
914 1500 1053 1566 Demeter
1068 1509 1177 1566 macter
1191 1521 1213 1564 a
1222 1499 1477 1586 Saepta-Melpum

359 1609 583 1698 amuwtcepblil,
593 1610 773 1674 mocreszrb'l
786 1609 1035 1672 Ltrtneamaca·
1046 1611 1077 1672 aa
1092 1611 1220 1672 torcat
1233 1609 1339 1696 Filpca
1355 1618 1474 1690 mester,

361 1741 383 1786 o
397 1719 568 1786 komarcho
583 1717 922 1804 knporruar'rerzjcisadp
938 1718 1025 1780 ircirct
1033 1714 1122 1802 folyt
1138 1716 1359 1803 cillorcpctanak
1376 1739 1474 1803 eppes-

663 1827 715 1910 ⁸69
730 1821 811 1888 attat
824 1827 907 1910 occet
922 1824 1061 1890 catomis.
1077 1825 1173 1892 1293.

468 2061 539 2129 Nos
555 2057 741 2145 capitulum
767 2057 1129 2142 Quinqueecclesicusis
1155 2059 1303 2126 Ecclesie
1323 2059 1477 2125 memorie

363 2168 618 2239 commendamus
635 2185 693 2252 per
709 2173 899 2250 presentes,
926 2168 1014 2249 qood
1029 2165 1186 2252 magister
1201 2168 1346 2235 Abraam
1371 2171 1474 2234 Nota-

362 2279 430 2348 rius
445 2276 589 2364 Capituli
618 2275 767 2342 Ecclesia
791 2274 990 2356 Bonnensis,
1017 2295 1075 2360 pro
1092 2275 1232 2341 dominis
1258 2275 1325 2341 suis
1340 2293 1475 2342 venera-

363 2387 429 2456 bile
444 2391 557 2471 patre,
584 2381 715 2449 domino
738 2381 866 2450 Thomu
880 2380 942 2448 Dei
969 2382 1082 2463 gracia
1107 2381 1271 2468 Episcopo
1297 2383 1477 2450 Bonnensis

364 2493 523 2580 Ecclesia,
541 2499 574 2561 et
590 2511 647 2578 pro
673 2491 831 2574 magistro
852 2490 1017 2556 Demetrio
1043 2489 1146 2558 fratrc
1171 2492 1296 2560 carnali
1323 2491 1476 2574 eiusdem,

366 2601 444 2688 filijs
460 2603 545 2668 Elelr
561 2600 604 2667 de
621 2621 740 2688 genere
757 2598 1032 2686 Soentemagyoh,
1050 2599 1238 2666 exhibendo
1249 2601 1377 2666 litteras
1393 2598 1476 2663 eius-

366 2710 441 2778 dem
459 2709 582 2776 domini
598 2708 752 2794 Episcopi
762 2707 941 2775 Bonnensis
958 2706 999 2774 de
1015 2707 1230 2776 ratiabioione
1241 2711 1283 2776 ab
1299 2727 1364 2773 una
1375 2713 1477 2792 parte,

365 2817 484 2886 nobilis
500 2817 626 2886 iuuenis
645 2817 801 2900 magister
812 2816 1012 2882 Lanrencius
1030 2816 1114 2883 filins
1126 2815 1273 2901 magistri
1287 2815 1362 2882 Phr.
1378 2811 1477 2900 (Phil-

368 2921 443 3014 pes)
459 2947 518 3012 pro
533 2945 579 3006 se,
596 2931 629 2993 ct
643 2943 703 3010 pro
720 2923 823 2992 tratre
838 2943 898 2990 sno
920 2923 1045 2991 carnali
1062 2931 1095 2990 et
1109 2925 1266 3012 magistro
1286 2923 1363 2991 Phs.
1380 2921 1477 3008 (Phil-

369 3030 442 3120 pes)
460 3040 590 3117 vocato,
606 3031 647 3102 ab
663 3035 786 3114 altera,
811 3030 1030 3117 personaliter
1048 3031 1082 3101 in
1099 3033 1202 3100 nostri
1218 3031 1389 3117 presencia
1405 3053 1477 3098 con-

369 3143 484 3224 stituti,
500 3142 669 3224 dixerunt,
687 3139 771 3226 quod
789 3159 859 3206 cum
877 3160 975 3228 super
999 3141 1081 3208 lacto
1098 3141 1186 3210 illius
1203 3141 1367 3228 porcionis
1383 3147 1478 3226 terre,

369 3269 466 3334 qnam
484 3250 668 3335 porcionem
693 3251 830 3314 interra
856 3247 1013 3334 Kopoma
1037 3259 1155 3317 vocata
1180 3247 1328 3316 dominus
1344 3249 1478 3334 Episco-

368 3377 432 3446 pus
449 3357 627 3426 Boanensis
644 3355 809 3434 Ecclesia,
836 3363 869 3422 et
887 3355 1043 3442 magister
1070 3353 1252 3424 Demetrius
1276 3357 1379 3424 irater
1402 3377 1479 3424 suus

370 3467 519 3550 carnalis,
537 3467 629 3533 titulo
645 3465 824 3549 empcionis
841 3463 1076 3548 dignoscuntur
1092 3466 1281 3552 possidere,
1306 3469 1391 3535 inter
1407 3487 1479 3552 par·

370 3583 420 3644 tes
436 3581 617 3642 uerteretur
642 3573 782 3639 materia
798 3575 997 3660 questionis,
1014 3578 1226 3660 partibusque
1244 3577 1370 3642 diucius
1384 3577 1479 3644 altcr·

369 3685 563 3769 ouantibus,
579 3681 714 3750 tandem
738 3681 915 3748 secuudum
942 3681 1114 3750 arbitrium
1140 3683 1314 3768 proborum
1340 3684 1479 3750 virorum

368 3790 683 3880 conprouincialium,
700 3789 828 3876 prelata
844 3790 953 3876 porcio
969 3799 1055 3858 terre
1071 3791 1104 3856 in
1115 3791 1280 3878 Koporna,
1292 3794 1352 3860 sub
1370 3792 1479 3861 eodem

369 3902 463 3969 titulo
479 3899 657 3984 empcionis
674 3917 746 3966 cum
763 3898 911 3968 omnibus
931 3901 999 3966 suis
1011 3899 1205 3971 utilitatibus
1222 3912 1255 3970 et
1270 3902 1480 3988 pertinencijs

370 4009 576 4096 quibuslibet,
593 4010 691 4075 cessit
701 4015 734 4074 et
748 4008 908 4076 remansit
919 4009 1023 4078 eidem
1040 4009 1171 4080 domino
1182 4013 1306 4078 Thone
1316 4012 1478 4098 Episcopo

370 4117 540 4201 Romami,
558 4121 591 4184 et
607 4113 700 4184 tratri
716 4137 774 4186 sno
791 4118 948 4204 magistro
964 4119 1143 4204 Demetrio,
1163 4141 1340 4206 eorumque
1357 4119 1479 4187 beredi-

371 4227 432 4294 bns
449 4233 482 4294 et
507 4225 748 4295 successoribus
773 4227 1053 4296 irretractabiliter
1079 4236 1111 4297 et
1134 4227 1389 4298 irreuocabiliter
1414 4230 1479 4296 inre

371 4339 530 4422 perpetuo
547 4335 767 4422 possidenda,
794 4339 957 4423 prenotati
974 4347 1081 4405 autem
1098 4337 1226 4406 nobiles
1242 4339 1400 4422 iuuenes,
1418 4357 1478 4404 ma·

371 4443 476 4530 gister
490 4445 689 4514 Laureuoius
705 4449 738 4510 et
753 4445 828 4512 Phs.
846 4451 1015 4514 cesserunt
1031 4453 1063 4513 et
1079 4449 1312 4515 renunciarent
1331 4447 1419 4516 omni
1433 4445 1479 4512 liti

373 4561 405 4618 ct
420 4551 545 4620 accionl
562 4572 631 4638 suo,
648 4572 744 4637 quam
762 4553 845 4621 forte
861 4573 946 4621 nnnc
962 4554 1016 4622 uel
1033 4553 1065 4620 in
1082 4561 1256 4642 posterum,
1281 4555 1411 4622 racione
1426 4553 1478 4620 bu·

373 4659 423 4725 ins
438 4661 598 4746 porcionis
622 4667 708 4730 terre
726 4662 847 4731 collate
872 4661 905 4730 iu
921 4663 1079 4749 Koporna
1103 4664 1262 4733 aduersus
1279 4665 1411 4734 eosdem
1426 4663 1477 4730 clo·
