3130 5158
896 333 938 400 ‘18

833 421 997 434 ψ

357 524 471 595 berem
485 523 642 596 seriatim.
666 525 762 607 Quod
782 525 914 614 quidem
939 527 1126 618 capitutum
1149 525 1278 598 denum
1302 529 1396 598 nobis
1423 547 1478 595 re-

360 634 500 722 scripsit,
517 635 551 704 in
566 637 627 704 heo
643 636 745 704 uerba
761 659 769 700 ι

468 744 752 813 Excellentissimo
776 744 906 812 domino
928 763 987 812 suo
1012 743 1177 834 Alndrec)
1203 744 1268 814 Dei
1294 745 1406 832 gocia
1432 744 1479 812 Il·

356 851 451 919 lustri
466 853 548 940 Regi
565 852 709 937 Vagarie
718 904 729 940 ,
745 851 932 940 Capitulum
948 853 1097 923 Ecclesia
1121 853 1217 920 Beati
1234 853 1406 922 Michaelis
1424 852 1471 919 de

358 957 474 1028 omno
490 959 612 1030 Forrco
627 960 875 1032 inclinacionem
888 967 921 1027 et
936 963 1108 1030 oraciones
1119 959 1152 1028 in
1163 961 1302 1030 Domino
1313 981 1385 1031 cum
1400 982 1477 1046 per·

357 1077 454 1152 potue
468 1068 633 1139 fidelitatis
649 1068 813 1152 obsequio.
831 1071 972 1138 Litteras
989 1077 1097 1138 uestre
1108 1067 1334 1156 Excellenc(ie
1349 1071 1477 1156 recepi·

359 1196 429 1243 mus
455 1173 542 1264 cum)
567 1178 688 1246 honore
712 1197 775 1260 quo
791 1178 900 1246 decuit
915 1185 1115 1264 reserentur,
1132 1177 1167 1243 in
1192 1178 1308 1263 quibus
1334 1176 1478 1244 uidimus

359 1285 516 1354 contineri
525 1335 535 1367 ,
561 1285 648 1372 quod
663 1304 761 1352 unum
779 1307 819 1354 ex
837 1285 929 1355 nobie
946 1307 1042 1375 super
1064 1289 1183 1354 faciem
1200 1293 1287 1355 terre
1312 1285 1477 1355 cothardi

358 1393 430 1462 Rufi
445 1393 531 1462 uem
547 1400 672 1474 nocato,
688 1395 992 1480 transmitteremus,
1010 1397 1102 1463 cuius
1130 1396 1316 1464 testimonio
1332 1392 1481 1460 Domini·

359 1519 416 1570 cus
431 1499 515 1571 tilius
529 1503 647 1588 Eguke
662 1502 759 1569 homo
785 1507 903 1582 uester,
929 1502 1117 1572 conuocatis
1138 1503 1360 1571 conmotaneis
1379 1508 1414 1568 et
1430 1501 1477 1566 ni-

358 1609 459 1695 cinis,
485 1608 706 1677 reambnlaret
721 1611 831 1696 ipsam
846 1617 966 1676 terram
978 1658 987 1692 ,
1014 1616 1047 1677 et
1068 1616 1227 1678 statueret
1251 1609 1421 1677 Herbordo
1446 1615 1480 1677 et

357 1719 510 1786 fratibus
520 1721 601 1804 suis,
611 1719 639 1786 si
654 1717 821 1785 nonfieret
832 1718 1077 1801 contradictum,
1095 1717 1352 1786 contradictores
1364 1727 1475 1785 autem

358 1823 402 1898 ad
417 1836 561 1896 nostram
573 1827 776 1912 presenciam
787 1824 975 1912 euocando;
993 1828 1090 1894 sciret
1109 1835 1141 1894 et
1151 1825 1236 1894 idom
1246 1825 1341 1895 horno
1357 1835 1478 1908 uester,

360 1943 465 2002 utrum
491 1935 563 2022 ipse
579 1933 765 2003 liuthardus
791 1933 861 2002 sine
889 1935 1011 2004 herede
1031 1934 1212 2002 decesserit
1227 1953 1288 2001 neo
1304 1953 1364 2019 ne,
1390 1931 1478 2019 quod

359 2050 469 2112 nosue
484 2043 651 2113 Maiestati
666 2042 930 2112 rescriberemus.
948 2043 1076 2111 Vestris
1091 2043 1192 2131 igitur
1207 2043 1371 2132 perceptis
1386 2064 1477 2112 man·

361 2153 450 2220 datis
465 2173 525 2222 nos
541 2151 575 2218 in
590 2150 737 2222 omnibus
753 2151 888 2218 obedire
899 2151 1077 2236 cupientes,
1094 2161 1130 2217 ut
1145 2159 1301 2238 tenemur,
1319 2171 1418 2218 snum
1435 2169 1476 2215 ex

361 2261 458 2332 nobis
472 2260 711 2330 transmisimus
726 2258 769 2326 ad
785 2261 936 2345 premissi
960 2261 1088 2348 negocii
1104 2260 1223 2330 seriem
1241 2259 1476 2344 exequendam,

362 2369 418 2454 qui
432 2368 561 2440 demum
577 2369 622 2438 ad
636 2388 696 2438 nos
711 2367 841 2436 rediens
866 2367 1041 2454 diligenter
1057 2388 1116 2454 per
1130 2387 1192 2435 nos
1207 2369 1380 2452 requisitus
1395 2365 1476 2434 rcci-

233 2553 235 2556 ,
362 2478 465 2564 tacit,
491 2477 579 2563 qnod
603 2475 690 2544 idem
709 2475 900 2544 Dominicus
927 2476 1023 2544 homo
1049 2483 1160 2544 uester
1175 2475 1363 2545 conuocatis
1380 2471 1477 2558 co(n·

363 2579 536 2672 msta)neis
545 2593 579 2654 et
593 2586 708 2654 vicinis
718 2583 824 2652 cidem
834 2583 1069 2668 adiacentibus,
1082 2581 1237 2650 videlicet
1248 2581 1376 2651 (lomitc
1391 2581 1475 2647 Mar·

364 2680 427 2761 k'us
441 2691 507 2760 tilio
518 2691 682 2778 Furcasij‚
698 2693 878 2778 acpopnlis
894 2691 936 2758 de
952 2688 1032 2758 villa
1048 2689 1175 2776 Haisa,
1191 2709 1251 2756 nec
1268 2707 1332 2755 non
1346 2687 1477 2754 homine

363 2802 512 2888 magistri
526 2803 686 2870 iohannis
702 2801 908 2887 presentibus
934 2800 1150 2868 reambulanit
1174 2799 1390 2885 prescriptam
1415 2801 1477 2862 ter·

367 2931 436 2980 ram
452 2911 613 2980 (luthardi
632 2911 705 2978 Ruti
719 2911 806 2980 Geru
822 2917 984 2988 uocatam,
1001 2909 1056 2992 qni
1072 2909 1143 2975 sine
1158 2907 1279 2976 herede
1294 2904 1437 2974 decessit
1447 2913 1479 2970 et

363 3020 480 3090 statuit
492 3019 614 3088 eisdem
630 3019 798 3088 Harbordo
814 3027 847 3088 et
864 3016 1018 3088 iratribus
1033 3018 1101 3084 suis
1120 3015 1182 3084 sub
1197 3015 1364 3084 ueteribus
1380 3011 1476 3082 metis

363 3129 562 3211 stantionis,
579 3127 956 3198 contradictoreneminc
966 3127 1136 3196 emrteme.
1165 3127 1286 3194 Datum
1302 3123 1335 3188 in
1351 3127 1476 3192 octauis

364 3235 459 3306 Beati
472 3237 634 3307 iohannis
650 3237 812 3324 Baptista.

475 3347 546 3413 lios
562 3345 683 3432 itaque,
700 3347 755 3431 qui
772 3367 813 3414 ex
828 3346 929 3432 oificij
951 3345 1057 3412 nostri
1072 3341 1184 3412 debito
1203 3341 1312 3411 metiri
1321 3340 1476 3410 debemus

364 3455 480 3524 merita
495 3453 705 3539 singulorum,
721 3461 755 3520 et
770 3453 944 3539 unicuique
959 3455 1050 3519 iuxta
1069 3453 1273 3538 exigenciam
1288 3447 1475 3518 meritorum

364 3562 580 3652 respondere,
607 3563 853 3630 considerantes
879 3561 1056 3630 fidelitates
1074 3569 1108 3628 et
1123 3557 1475 3642 meritoriaobsequia

363 3674 525 3746 Herbordi
541 3679 574 3740 et
589 3671 724 3740 fratrum
740 3691 869 3740 suorum
880 3672 1116 3758 predictorum,
1132 3689 1196 3754 qne
1212 3671 1245 3738 in
1256 3667 1396 3738 diuersis
1411 3687 1476 3733 ser·

364 3783 522 3852 uiciornm
538 3783 731 3869 generibus,
757 3791 790 3850 et
805 3783 995 3870 specialiter
1010 3785 1043 3850 in
1059 3779 1209 3851 conflictu
1232 3787 1344 3848 nostro
1360 3783 1474 3846 contra

363 3892 534 3961 Albertum
548 3891 674 3957 Ducem
691 3891 832 3973 Anamis,
850 3892 953 3975 Regni
978 3892 1082 3958 nostri
1101 3885 1209 3977 (tunc)
1225 3888 1400 3974 capitalem
1416 3887 1474 3952 ini-

363 4003 492 4084 micum,
509 4001 631 4086 habito,
647 4001 701 4066 ubi
717 3999 816 4086 ijdem
832 3999 1017 4067 Herbordns
1034 4006 1067 4066 et
1081 4000 1251 4068 lohannes
1261 3998 1295 4062 in
1311 4015 1475 4082 expugna·

365 4114 458 4179 cione
475 4110 582 4180 castri
596 4111 682 4177 Boro
707 4110 825 4194 uocati,
840 4109 953 4178 letalia
968 4111 1105 4178 uulnera
1121 4110 1155 4174 in
1171 4107 1241 4175 suis
1254 4106 1407 4174 membris
1424 4125 1475 4171 sn·

364 4221 542 4304 steterunt,
558 4224 655 4303 prout
669 4237 727 4302 per
743 4217 940 4286 relacionem
957 4221 1120 4285 Baronnm
1141 4222 1321 4284 nostrorum
1336 4212 1475 4280 fideliter

364 4327 447 4396 inibi
463 4327 675 4395 existencium
704 4327 941 4408 intelleximus,
956 4329 1099 4396 fideliter
1123 4327 1357 4412 exhibuerunt,
1383 4328 1416 4392 in
1431 4343 1475 4390 rc·

273 4493 276 4502 .
366 4439 668 4527 compensationem
694 4458 805 4506 eorum
821 4439 962 4508 fidelium
978 4439 1184 4524 meritorum,
1210 4452 1406 4522 quamquam
1422 4453 1475 4518 po

369 4553 458 4619 ciora
473 4559 505 4620 et
520 4551 680 4640 ampliora
700 4561 921 4640 mererentur,
938 4553 1043 4640 ipsam
1061 4559 1182 4621 terram
1207 4551 1295 4618 (lesu
1311 4553 1472 4629 uocatam

370 4679 443 4728 cum
460 4662 608 4730 omnibus
624 4660 818 4730 utilitatibus
837 4667 869 4729 et
885 4661 1098 4750 pertinencijs
1114 4664 1182 4732 suis
1197 4656 1368 4740 uniuersis,
1386 4653 1472 4722 dedi-
