3072 5168
820 298 977 400 „Q

343 490 501 576 Lsdislui,
519 499 553 560 ct
568 513 627 580 pcr
642 501 771 578 protum
787 496 822 562 iu
847 494 962 562 eodem
981 492 1151 563 latitudine
1170 495 1262 562 uenit
1289 493 1334 560 ed
1349 493 1449 560 locutu

340 604 439 669 turris
455 611 689 684 memoratum,
715 609 749 668 et
768 600 830 668 hoc
846 600 969 667 ambitu
986 621 1044 668 scu
1060 602 1181 667 circulo
1206 599 1336 686 prefato
1353 601 1451 686 porti-

340 709 415 776 cula
432 716 517 776 terre
530 710 731 777 terminatur.
757 711 794 776 ln
811 710 902 777 ouius
919 709 966 776 rei
992 711 1178 775 memoriam
1210 707 1453 791 firmitatemque

339 823 532 902 perpetuum
557 823 730 902 presentes
757 817 979 884 concessimus
995 817 1139 897 litteras,
1156 817 1341 882 munimine
1356 816 1452 882 nostri

338 926 440 1012 sigilli
466 927 653 1007 insignitas.
681 926 800 992 Datum
827 947 913 996 auno
929 927 1061 994 Domini
1086 927 1135 992 Μο
1150 925 1220 993 00⁰
1241 925 1448 1008 nonagesimo

339 1040 464 1116 quarto.

339 1227 486 1299 (Eredetie
500 1227 642 1299 hcrrytn,
657 1229 776 1298 melyrdl
789 1226 893 1283 Ldsuld
907 1233 1012 1283 mester
1025 1227 1140 1298 pccsdte
1155 1227 1308 1282 zdldvtirtis
1322 1227 1450 1295 usinegeu

339 1319 418 1391 fflgg.
430 1317 591 1375 Tuldltotilu
606 1339 623 1376 s
637 1319 832 1391 siros-potati
842 1315 966 1374 idislols
978 1315 1200 1389 kdnyvtdrduslu
1215 1315 1356 1371 lre'nirutsi
1369 1315 1450 1382 kdutl
1523 1329 1524 1368 l

340 2367 470 2430 Mdrtort
498 2366 576 2452 prdf
596 2367 811 2454 clorscdpbs‘rd
833 2390 854 2431 a
878 2367 1046 2452 ocscprcmi
1067 2361 1285 2451 lcdptalcccalc
1314 2361 1447 2446 bicorpor

585 2475 794 2562 cappbcrcoyi
809 2475 941 2540 birtokot
956 2473 1018 2538 oda
1033 2469 1096 2537 iccl.
1115 2473 1210 2536 1294.

448 2675 515 2738 Nos
541 2673 658 2738 Gornes
686 2673 844 2738 llurtinus
861 2667 1061 2736 vice-Judcx
1088 2669 1184 2737 Curio
1209 2667 1331 2734 domini
1356 2665 1447 2748 Regis

336 2781 492 2848 memorie
509 2781 773 2848 commendantes
791 2779 1032 2864 significamus,
1058 2777 1176 2859 quibus
1191 2776 1328 2861 expedit
1344 2783 1446 2842 tsuorc

336 2888 542 2976 presencium
560 2885 732 2970 universis,
757 2885 933 2970 quodcum
950 2885 1111 2964 Mothites,
1131 2883 1249 2968 Mathe,
1267 2890 1301 2949 et
1319 2883 1446 2963 Ntbsrg
1523 2937 1524 2956 ,

338 2995 395 3080 filij
416 2995 567 3082 Foymcs
586 2992 731 3059 currileri
746 2993 974 3060 bucheriorum
988 3039 996 3073 ,
1017 2993 1173 3072 Luluach,
1199 2996 1233 3058 et
1248 2991 1380 3059 Blasius
1395 2989 1444 3073 filij

336 3103 439 3170 Petlre
455 3102 620 3186 pincerne,
647 3118 687 3165 sc
704 3098 847 3168 uniuersi
872 3099 983 3185 populi
1010 3097 1138 3163 domiue
1163 3097 1290 3184 Regino
1315 3099 1357 3163 de
1380 3099 1447 3178 Nep·

340 3209 468 3286 Bereu,
494 3207 535 3275 de
552 3205 714 3273 (lomitetu
738 3206 967 3291 Simighiensi,
989 3207 1181 3288 exquibus,
1208 3217 1241 3271 et
1258 3226 1317 3290 pro
1337 3206 1446 3288 quibus

337 3317 439 3404 ijdem
455 3315 575 3400 Mathe,
587 3315 734 3398 Lulrcch,
747 3323 781 3382 et
796 3315 930 3382 Blasius
946 3335 1019 3381 curu
1040 3314 1214 3381 sufficienti
1231 3313 1445 3398 procuratorio

337 3431 600 3510 comparuerunt,
616 3424 792 3491 discretum
814 3424 915 3488 uirum
932 3423 1126 3507 Magistrum
1137 3421 1364 3488 Andronicum
1380 3421 1445 3485 Prc·

338 3533 481 3618 positum
508 3532 656 3600 Ecclesie
672 3531 944 3619 vesprimiensis,
965 3532 1040 3597 culc
1064 3529 1195 3598 domine
1220 3531 1348 3614 Regino
1363 3529 1443 3593 Vice-

338 3639 590 3723 cancellarium,
607 3645 640 3705 et
655 3639 842 3724 Capitulum
859 3639 1009 3724 ejusdem
1026 3638 1193 3721 Ecclesio,
1209 3639 1251 3702 de
1267 3638 1403 3720 quibus,
1418 3639 1446 3696 et

338 3766 396 3833 pro
414 3746 532 3828 quibus
548 3747 635 3818 idern
652 3745 856 3813 Andronicus
866 3745 1057 3830 Propositus
1068 3745 1183 3830 ostitit,
1205 3743 1444 3813 cornmdomtuo
1523 3821 1524 3824 Ἴ

338 3852 471 3922 Andros
487 3854 609 3922 Illustri
624 3855 714 3939 Rege
731 3854 899 3936 Huugoric
908 3903 917 3939 ,
942 3853 1075 3920 domino
1092 3861 1203 3922 nostro
1223 3853 1402 3920 traxissent
1416 3853 1444 3916 in
1523 3937 1524 3942 ἵ

340 3979 484 4048 causam,
501 3969 534 4028 et
549 3960 634 4029 idem
651 3962 802 4029 domiuus
817 3970 925 4032 noster
949 3963 1019 4028 Rex
1036 3963 1141 4047 ipssm
1158 3979 1291 4028 ouussm
1309 3961 1443 4046 parcium

339 4067 433 4136 uobis
450 4067 669 4137 commisisset
685 4069 922 4157 judicandum,
949 4069 1088 4156 predicti
1103 4069 1216 4136 Mathe
1227 4117 1237 4152 ,
1265 4065 1400 4135 Lukuch
1414 4073 1444 4130 et

340 4176 472 4243 Blasius
487 4195 548 4260 pro
565 4197 623 4262 se,
649 4185 682 4242 ct
698 4198 755 4263 pro
781 4177 932 4246 ournibus
955 4175 1033 4260 eliJs
1048 4175 1243 4263 proscriptis
1267 4172 1444 4260 egeruntiu

339 4284 443 4370 figura
464 4283 580 4370 judicij
607 4290 846 4372 proponentes,
872 4285 961 4368 quod
975 4284 1181 4353 Andronicus
1206 4283 1394 4368 Prepesitus
1416 4285 1447 4354 cl

341 4389 525 4476 (lupitulum
536 4392 792 4477 Weprimienso
802 4394 943 4478 predicti
959 4393 1203 4480 possessiouem
1222 4393 1365 4476 ipsorum
1389 4409 1444 4454 ern·

340 4497 476 4585 pticism
490 4498 638 4568 interris
663 4501 852 4587 arabilibus,
868 4501 982 4588 sylvis,
998 4499 1116 4584 uineis,
1133 4507 1167 4568 ct
1182 4497 1311 4583 teneto,
1328 4513 1445 4582 quamn

339 4604 498 4674 lliulueele
514 4605 580 4674 filio
596 4605 701 4673 lend
716 4606 750 4673 iu
765 4609 870 4674 Boron
886 4610 995 4694 precio
1012 4611 1293 4693 comparaveruut,
1309 4603 1444 4672 indebite
