3186 5154
862 347 906 414 54

329 547 464 613 tormam
480 547 585 632 redigi
601 547 795 614 laceremus.
822 545 921 612 Ouios
937 541 1028 631 (lgy)
1045 543 1178 626 quidem
1196 546 1377 612 litterarum
1394 549 1443 610 tc-

330 677 389 722 ucr
404 655 481 722 talis
498 667 548 722 est
565 680 572 720 :

438 765 506 848 Ego
532 763 700 832 lohannes
715 763 801 830 tilius
828 765 918 832 Petri
938 763 1076 847 jobagro
1102 763 1212 832 (lastri
1237 763 1449 832 Posoniensis

332 893 418 940 anno
444 875 576 940 Domini
597 873 647 938 lll⁰
671 873 741 940 00⁰
766 874 980 958 nonagesimo
1007 873 1113 959 primo
1138 872 1171 936 in
1198 872 1453 957 quadragesima

333 981 479 1048 existens
497 991 529 1046 et
545 981 696 1048 residens
713 981 745 1047 in
764 979 882 1047 castro
899 979 1007 1061 Ouar,
1024 979 1100 1046 dum
1118 981 1152 1046 iu
1164 981 1282 1048 lcctnm
1299 982 1455 1067 egritudi-

334 1091 386 1156 nis
401 1088 612 1166 incidissem,
639 1092 753 1157 rolens
779 1091 875 1156 tinem
893 1109 1001 1156 orcum
1028 1089 1222 1176 prouenire,
1239 1109 1336 1172 quam
1354 1111 1375 1156 a
1392 1087 1457 1156 fine

335 1199 521 1282 preueoiri,
545 1197 620 1264 misi
636 1199 790 1265 nuncium
817 1219 925 1265 meum
942 1197 987 1264 ad
1003 1195 1210 1264 honorabiles
1239 1201 1326 1264 viros
1352 1198 1457 1282 magi-

336 1312 440 1372 strum
456 1306 662 1374 Dominicam
688 1307 896 1391 Prepositum
914 1313 946 1372 et
963 1305 1151 1391 Capitulum
1177 1305 1328 1372 Ecclesia
1355 1305 1458 1372 Poso-

337 1413 481 1494 niensis‚
508 1419 543 1479 nt
558 1432 657 1479 vnum
675 1414 726 1479 uel
745 1415 828 1482 duos
845 1415 932 1480 viros
948 1413 1096 1499 ydoneos
1113 1412 1156 1480 de
1174 1411 1327 1496 capitulo
1345 1411 1388 1478 ad
1405 1433 1458 1480 me

338 1520 523 1607 mitterent,
553 1540 661 1588 coram
677 1521 796 1605 quibus
812 1542 919 1588 meum
935 1521 1111 1588 conderem
1137 1527 1376 1614 testamentum.
1392 1519 1458 1600 Qui

340 1630 421 1697 meis
447 1630 664 1714 peticionibus
680 1630 773 1697 iuxta
799 1629 1068 1698 consuetudinem
1094 1635 1278 1697 annuentes
1302 1629 1465 1696 miserunt

341 1736 384 1806 ad
401 1758 449 1804 me
468 1737 549 1805 duos
574 1758 615 1804 ex
632 1739 701 1824 eis,
726 1739 882 1806 videlicet
897 1739 1093 1826 magistrum
1118 1737 1292 1804 Nicolaum
1318 1738 1466 1806 Canoni-

342 1867 411 1912 onm
430 1853 463 1912 et
487 1847 678 1934 magistrum
706 1847 880 1916 Martinum
906 1849 1057 1916 clericum
1086 1848 1239 1931 decoro,
1265 1849 1298 1913 in
1324 1865 1466 1931 quorum

343 1955 523 2041 presencia
540 1962 573 2022 ct
587 1955 723 2040 insuper
739 1956 771 2020 in
788 1955 963 2040 presencia
979 1955 1194 2023 discretorum
1217 1955 1358 2022 virorum
1375 1957 1467 2024 Petri

344 2063 480 2149 plebani
496 2063 538 2130 dc
554 2063 702 2129 Musonio
719 2069 753 2131 et
768 2063 930 2132 lobannis
954 2064 1139 2132 sacerdotis
1155 2063 1197 2130 de
1213 2061 1380 2142 chautim,
1407 2067 1468 2148 qni

347 2171 390 2239 aul
406 2189 512 2237 meam
530 2172 726 2256 peticionem
753 2193 817 2239 vna
838 2193 908 2240 cum
935 2172 1062 2240 eisdem
1088 2172 1247 2256 aderant,
1274 2172 1406 2257 insuper
1428 2173 1468 2237 in

347 2282 519 2364 presencia
543 2281 664 2348 nobilis
692 2283 824 2348 domine
850 2301 990 2350 nouerca
1016 2299 1087 2347 mee
1113 2281 1230 2348 relicte
1256 2279 1346 2348 Petri
1363 2284 1472 2366 patris

348 2389 422 2474 mei,
438 2389 627 2456 astantibus
644 2391 749 2458 eciam
766 2392 930 2458 nobilibus
958 2391 1038 2457 uiris
1055 2389 1231 2458 Salamone
1248 2399 1280 2456 et
1297 2389 1471 2476 Stephano

237 2569 240 2576 ,
350 2496 428 2583 filijs
454 2499 567 2584 Sauli,
593 2507 626 2566 et
642 2501 786 2568 Conrado
802 2499 868 2566 filio
894 2500 1061 2584 Marcelli,
1087 2499 1205 2566 vicinis
1231 2497 1272 2566 de
1298 2499 1418 2584 Insula,
1434 2507 1475 2564 et

351 2605 428 2691 alijs
446 2627 542 2691 quam
560 2607 721 2694 pluribus,
738 2610 821 2676 inter
838 2617 968 2678 ceteras
986 2609 1115 2676 etalias
1131 2608 1361 2676 ordinaciones
1376 2627 1474 2676 meas

352 2714 510 2799 ordinaui,
529 2715 616 2798 dedi,
635 2717 752 2800 reliqui
770 2727 802 2783 et
818 2717 928 2801 legaui
945 2717 1122 2799 quamdam
1139 2717 1385 2801 possessionem
1402 2735 1473 2782 me-

353 2841 404 2888 am
429 2821 560 2891 Tburne
586 2833 757 2908 uocatam,
782 2827 871 2913 olym
897 2845 938 2890 ex
964 2825 1149 2893 donacione
1174 2825 1279 2910 Regia
1304 2826 1476 2908 collatam,

354 2939 513 3017 perpetuo
538 2933 772 3016 possidendam
797 2953 857 3018 pro
874 2934 981 3002 salute
998 2942 1031 3000 et
1047 2933 1193 3000 remedio
1219 2935 1327 3000 anime
1353 2951 1422 2999 mee
1441 2945 1478 2996 et

283 3071 285 3078 ·
356 3041 496 3106 omnium
513 3051 685 3128 parentum
702 3064 846 3112 meorum
863 3045 1011 3112 seuleus
1026 3043 1138 3111 Sancti
1156 3043 1339 3110 Saloatoris
1355 3041 1396 3108 de
1412 3043 1478 3106 Po-

356 3147 460 3232 sonio,
477 3151 537 3218 sub
554 3153 644 3219 cuius
671 3153 841 3239 cymiterio
865 3159 961 3238 pater
978 3169 1070 3217 mous
1087 3152 1204 3220 Comes
1222 3151 1337 3217 Petrus
1363 3155 1396 3216 et
1411 3148 1477 3232 alij

357 3257 588 3338 progenitores
615 3260 678 3328 mei
702 3263 928 3345 requiescunt,
956 3258 1033 3342 qnia
1050 3263 1084 3323 et
1107 3277 1169 3342 ego
1196 3257 1301 3325 eciam
1324 3255 1369 3322 ibi
1387 3256 1483 3341 elegi

359 3368 392 3427 et
408 3385 535 3433 exnunc
553 3370 638 3455 eligo
654 3373 879 3457 sepulturam,
895 3371 942 3436 ita
958 3377 1080 3453 tamen,
1097 3369 1184 3453 qnod
1204 3369 1232 3434 si
1250 3367 1406 3435 Dominus
1422 3388 1485 3434 me

345 3477 595 3544 conualescere
620 3479 754 3564 lecerit,
780 3489 811 3546 et
827 3479 982 3562 quamdiu
1008 3479 1123 3547 uiuere
1139 3485 1272 3564 potero,
1300 3477 1485 3546 dominium

363 3579 509 3648 eiusdem
535 3585 757 3668 possessionis
784 3587 903 3653 tenebo
920 3591 952 3650 et
964 3585 1114 3669 habebo,
1141 3585 1201 3652 sed
1228 3605 1299 3652 enm
1315 3585 1485 3650 transiero

363 3686 405 3755 tle
420 3709 460 3757 ao
477 3687 565 3780 (lgy)
582 3695 661 3778 vita,
686 3697 757 3780 ipso
773 3695 862 3765 iacto
878 3701 1029 3762 transeat
1044 3696 1079 3761 in
1095 3692 1273 3760 dominium
1289 3701 1323 3760 et
1337 3699 1487 3780 potesta-

364 3802 428 3864 tem
454 3799 601 3868 Ecclesie
627 3804 836 3889 supradicte,
861 3803 951 3872 nullo
969 3805 1011 3870 de
1038 3803 1188 3888 cognatis
1213 3801 1295 3869 meis
1322 3801 1489 3868 contradi-

366 3913 479 3992 cente,
507 3928 579 3976 cum
605 3911 678 3995 ipsa
693 3913 865 3998 possessio
890 3931 953 3978 non
970 3911 1012 3979 sit
1028 3909 1231 3978 hereditaria
1241 3959 1250 3993 ,
1267 3907 1324 3975 sed
1340 3907 1488 3978 collacio

365 4015 469 4099 Regio
485 4017 680 4106 Maiestatis,
695 4027 729 4086 ut
744 4022 893 4106 superius
909 4026 960 4088 est
968 4019 1175 4106 premissum.
1192 4019 1313 4086 Datum
1330 4016 1487 4084 Sabbata

367 4123 516 4208 proximo
532 4132 610 4194 aute
626 4128 831 4196 Dominicam
855 4131 966 4198 Ramis
983 4129 1178 4197 Palmamm.

475 4233 543 4300 Nos
558 4253 636 4302 uero
645 4235 740 4306 iustis
752 4237 969 4322 peticionibus
982 4236 1157 4304 eorundem
1167 4237 1395 4322 magistrorum
1410 4229 1486 4299 An-

371 4337 450 4404 dree
472 4347 504 4405 et
527 4341 656 4410 Nicolai
681 4353 872 4429 annuentes,
889 4343 1055 4432 predictas
1083 4345 1194 4410 literas
1218 4341 1421 4428 aperientes,
1451 4339 1490 4406 in

371 4447 464 4514 nulla
479 4453 529 4518 sui
555 4459 647 4536 parte
675 4461 845 4540 suspectas
871 4456 924 4520 uel
949 4453 1087 4520 uiciatas
1104 4452 1145 4519 de
1172 4451 1273 4520 uerbo
1290 4449 1335 4516 ad
1349 4446 1491 4514 uerbum

372 4561 546 4628 transcribi
562 4563 717 4650 lecimus,
746 4569 778 4629 et
793 4565 827 4631 in
852 4563 957 4649 ipsius
979 4561 1027 4630 rei
1049 4561 1271 4630 testimonium
1296 4555 1491 4624 euidentius

372 4671 405 4734 et
418 4669 604 4742 firmitatem
620 4683 734 4744 nostro
760 4674 870 4760 sigillo
886 4671 1082 4740 autenticari
1098 4678 1130 4739 et
1145 4668 1347 4738 communiri.
1363 4667 1491 4735 Datum
