3094 5168
863 253 930 322 240

811 343 974 353 --—--

330 444 392 516 dae
409 449 442 516 in
459 447 554 516 motin
570 453 604 518 ot
619 446 780 535 terminio,
796 449 830 515 iu
847 450 964 534 quibus
982 452 1098 520 eedem
1115 453 1348 540 possessionen
1363 458 1449 524 nobi-

328 558 407 627 lium
424 579 483 644 por
499 555 635 627 eosdem
651 563 751 628 antea
767 557 880 628 habito
895 558 1027 628 fuerunt
1054 565 1088 628 ot
1114 581 1287 648 possesne,
1313 570 1347 632 et
1363 564 1450 650 ipone

324 668 553 756 possessiones
570 667 729 735 diutornm
744 666 835 734 Zodu
844 716 854 752 ‚
871 669 954 735 Bors
970 673 1003 734 ot
1018 669 1155 752 Nioolai‚
1174 674 1207 736 et
1223 668 1362 738 eandem
1387 679 1448 740 tor-

325 798 396 846 rom
412 775 606 864 Reginelem
622 794 682 862 per
691 774 884 860 Magistrum
901 776 1061 842 Leuronte
1079 773 1238 844 Comitem
1252 779 1448 868 Wezprimy-

329 906 451 972 ensem,
470 887 634 954 hominem
651 881 782 951 Domini
794 884 904 970 Regio,
916 901 987 950 oum
1003 884 1133 970 ydoneo
1149 887 1340 955 testimonio
1358 889 1449 978 Cupi·

326 995 385 1062 tuli
401 992 679 1080 Wezprimyenuio
697 991 899 1060 roumbuluri
914 992 1049 1059 feoimuo
1068 1011 1124 1078 per
1140 1001 1269 1060 ueteres
1286 1003 1392 1064 metas
1416 1009 1448 1066 ot

248 1085 251 1092 ’
325 1106 491 1190 antiquas,
508 1109 541 1172 et
556 1103 649 1168 iuxta
668 1099 802 1168 enodem
819 1120 922 1169 nouus
942 1108 1047 1168 metae
1064 1102 1146 1186 erigi
1163 1103 1316 1170 laniendo
1334 1114 1367 1174 et
1381 1115 1446 1176 sta-

324 1215 370 1282 tui
386 1215 495 1282 eidem
510 1212 641 1280 domine
667 1211 802 1295 Regino,
822 1218 854 1276 ot
865 1210 1065 1296 iobagiones
1091 1209 1237 1277 eiusdem
1255 1214 1288 1278 in
1316 1217 1446 1284 easdem

324 1319 501 1403 innodari,
519 1319 552 1384 in
569 1337 706 1401 quorum
721 1317 999 1403 roambulaoione,
1016 1322 1050 1384 ot
1065 1319 1250 1382 stutrroione
1266 1323 1374 1392 nullus
1391 1344 1443 1391 ex·

323 1431 409 1498 stitit
423 1427 665 1507 contradiotor,
691 1432 790 1513 prout
805 1424 909 1493 series
932 1424 1228 1510 roambulaoionie‚
1255 1431 1447 1501 statutionis

324 1549 357 1607 ot
373 1537 598 1606 estimeeionis
613 1532 835 1619 prediotornm
850 1531 1097 1619 possessionum
1117 1533 1149 1598 in
1165 1535 1287 1603 litteris
1305 1536 1447 1624 Capituli

322 1645 601 1733 Wenprimyeunis
628 1643 748 1712 exinde
774 1643 933 1711 eonieotis
958 1641 1087 1727 plenior
1114 1642 1255 1711 uidimus
1276 1650 1446 1716 eontineri.

323 1756 446 1823 Cursus
462 1773 540 1822 uero
558 1750 768 1835 antiquarum
786 1757 955 1834 metarum,
974 1757 1007 1818 et
1026 1767 1183 1816 nonarum
1201 1750 1295 1818 iuxta
1318 1761 1445 1824 neteree

322 1869 514 1947 erectorum,
531 1861 679 1930 eiusdem
694 1867 782 1928 torro
802 1859 991 1943 Reginalis,
1016 1857 1100 1924 nient
1116 1857 1150 1924 in
1168 1857 1285 1928 litteris
1302 1863 1446 1933 eiusdem

324 1970 466 2058 Capituli
483 1968 720 2054 oomperimuo,
736 1967 800 2036 hou
820 1965 935 2032 ordine
962 1965 1219 2053 distinguuntur,
1238 1970 1325 2051 qnod
1342 1973 1446 2057 prima

323 2087 410 2146 mota
426 2077 542 2162 incipit
556 2078 590 2143 in
606 2077 749 2162 virgulto
775 2074 853 2144 ville
877 2072 1013 2159 Bugdun
1032 2094 1091 2160 por
1107 2074 1237 2144 domurn
1254 2079 1351 2164 ilyoio
1366 2083 1444 2148 aoei-

323 2193 465 2273 gnatum,
483 2183 524 2252 de
543 2202 607 2269 qno
623 2203 683 2270 per
707 2183 859 2250 moialem
879 2181 1129 2250 diotinooionem
1158 2190 1318 2252 terrorum
1335 2187 1397 2272 Wg
1412 2197 1444 2258 et

323 2295 467 2362 eiusdem
484 2303 570 2362 terre
586 2292 917 2381 Arkybenezurohuk
936 2292 1104 2378 nergendo
1121 2313 1238 2362 uersus
1254 2304 1365 2380 partes
1382 2321 1442 2366 me-

326 2402 504 2472 ridioneles
514 2409 548 2469 ot
557 2400 725 2488 tangendo
736 2400 910 2488 quemdam
930 2421 1061 2486 pomum
1082 2401 1202 2468 oltwun
1220 2403 1344 2472 dietam
1362 2413 1443 2476 trun·

324 2511 416 2578 sitin
432 2529 551 2594 aquam
567 2511 722 2594 Temno,
739 2515 772 2578 et
787 2511 938 2596 peruenit
958 2504 1033 2595 (ad)
1059 2509 1208 2578 arborem
1234 2531 1319 2602 orny
1334 2514 1443 2582 dietin-

325 2625 410 2686 otom
427 2618 469 2683 ab
485 2617 725 2701 oquu'l'urnrru
741 2617 786 2684 ad
804 2617 964 2686 iacturum
982 2617 1108 2684 seourie
1125 2623 1158 2682 et
1175 2623 1240 2686 tres
1257 2639 1388 2710 pannus,
1403 2622 1442 2688 de

323 2746 389 2810 quo
406 2745 465 2812 per
480 2745 610 2794 oursnm
628 2725 708 2794 solis
725 2725 898 2794 deelinono
918 2726 964 2794 ud
981 2733 1093 2812 parton
1109 2725 1289 2794 oooidentis
1306 2748 1378 2796 oum
1393 2751 1442 2800 eo·

319 2838 394 2905 dem
411 2833 520 2904 duuiio
535 2835 679 2904 Turnrra
695 2834 788 2903 vadit
811 2835 856 2902 od
872 2844 1011 2918 quatuor
1033 2833 1222 2902 molendino
1238 2835 1389 2905 Ladizlui
1409 2838 1440 2903 ii-

322 2946 359 3012 lii
375 2941 465 3012 Ruod
483 2945 651 3012 uurronoia
666 2943 738 3012 uiue
755 2941 915 3012 molonoia
933 2941 1032 3010 tinnio
1050 2945 1083 3008 in
1110 2941 1246 3030 eodem3
1263 2951 1352 3011 retro
1368 2966 1440 3031 quo·

320 3073 389 3120 rum
406 3053 538 3138 singula
554 3057 630 3118 eunt
645 3051 775 3138 singule
791 3059 929 3135 quatuor
946 3057 1031 3120 meto
1047 3059 1156 3119 torreo
1167 3051 1321 3119 similiter
1337 3055 1381 3123 ud
1397 3055 1440 3122 in·

321 3168 446 3230 oturam
463 3162 586 3230 eoouris
604 3166 638 3228 et
653 3167 720 3228 tres
736 3179 867 3245 paeone,
889 3160 1083 3244 deonorum
1099 3161 1212 3230 vltimo
1228 3164 1283 3232 vel
1299 3163 1440 3231 inferiori

321 3287 461 3354 vergens
477 3267 586 3336 adhrro
601 3269 646 3336 ad
670 3275 786 3353 parton
802 3288 862 3354 per
878 3269 1014 3336 eusdem
1031 3269 1181 3354 peruenit
1197 3269 1241 3338 ad
1258 3291 1357 3338 vnum
1382 3290 1441 3336 mo·

321 3385 389 3444 mm
405 3375 501 3465 ilyoio
517 3379 702 3464 copulatam
725 3377 814 3445 ultra
829 3377 1012 3463 predictum
1028 3374 1163 3443 fluuium
1179 3401 1200 3448 a
1224 3378 1364 3447 meridie
1380 3379 1430 3446 exi

320 3491 471 3568 olentem,
489 3486 531 3553 de
548 3507 614 3570 que
628 3486 720 3556 uenit
736 3487 780 3556 ad
796 3486 1017 3554 molendinum
1033 3487 1183 3556 liooleoie
1199 3486 1440 3574 Wenprimyon·

319 3595 367 3662 oio
381 3594 415 3661 in
431 3601 519 3664 terre
533 3597 730 3683 angagowr
755 3601 875 3664 voootu
890 3595 1061 3664 fundatum
1078 3602 1111 3664 et
1127 3605 1349 3666 oonstruotum
1374 3619 1438 3666 unr-

319 3721 394 3771 reno
410 3701 508 3771 fluuio
524 3704 558 3771 in
574 3703 700 3773 eodem.
713 3707 750 3772 ln
775 3705 868 3772 ouius
885 3707 1037 3776 olouonre
1059 3708 1129 3774 nine
1146 3705 1309 3775 obstaculi
1336 3706 1439 3795 eapite

319 3811 519 3878 transeundo
535 3812 643 3897 ipsum
659 3811 792 3880 fluuium
809 3822 842 3883 et
858 3813 1024 3900 tangendo
1042 3833 1140 3880 vnum
1157 3813 1294 3882 solioum
1312 3834 1437 3903 regern·

319 3925 371 3987 tnr
385 3937 444 4003 per
461 3919 680 3988 molendinum
698 3921 841 3990 llmerioi
856 3941 915 4009 por
932 3931 1042 4008 partus
1059 3921 1241 3991 occidentis
1257 3943 1317 4009 per
1333 3924 1436 3991 latitu-

318 4026 427 4094 dinem
444 4026 581 4095 duorum
606 4029 774 4115 iugerum,
800 4037 833 4099 et
849 4048 913 4112 quo
937 4031 1004 4098 iam
1025 4030 1150 4098 direote
1175 4029 1219 4096 ad
1244 4031 1435 4115 uqnilionem

319 4133 479 4204 ourrendo
504 4155 563 4221 per
587 4135 825 4223 longitudinem
849 4137 946 4207 rnius
972 4136 1095 4223 iugerir
1113 4136 1202 4203 venit
1217 4137 1262 4208 ad
1282 4139 1434 4226 aalydem,

317 4241 558 4313 abhinouutem
570 4247 708 4314 curritur
720 4247 813 4316 iuxta
823 4267 936 4316 nemus
946 4247 1154 4335 Kyrroberek
1164 4245 1288 4314 dietum
1298 4249 1342 4316 ad
1352 4249 1434 4332 aqui·

316 4351 434 4436 ionem,
451 4353 507 4420 vbi
522 4355 623 4421 intrat
642 4375 741 4422 vnum
756 4358 933 4442 virgultum
949 4355 1153 4444 waoberelr
1170 4357 1338 4444 wlgariter
1362 4363 1433 4438 nod

317 4465 492 4545 eupolum,
507 4460 594 4544 qnod
610 4466 811 4532 transeundo
828 4471 940 4550 partos
957 4465 1000 4530 ad
1017 4464 1153 4532 eaodem
1178 4466 1270 4531 vonit
1281 4464 1326 4534 ad
1348 4459 1431 4531 uliud

317 4566 538 4636 molendinum
555 4570 774 4657 'l‘nmpatorra
788 4575 992 4659 appellatum
1008 4572 1225 4642 transmundo
1242 4592 1338 4641 rnnm
1350 4571 1431 4639 riom
