3072 5168
61 1147 133 1210 Poe
150 1153 394 1235 aornoqymepyei
416 1151 519 1216 altero
529 1153 670 1216 Hermum
683 1152 913 1236 pmmalatei
936 1153 1078 1238 epdtrtoh
1097 1153 1189 1218 Korn

390 1263 470 1323 oeor'l
478 1258 585 1344 stium
597 1261 738 1326 odoittli.
755 1261 854 1324 1294.

175 1453 246 1522 lios
256 1453 373 1522 coma
385 1455 505 1524 Paulus
516 1455 715 1524 ViooJudax
726 1457 874 1543 magistri
894 1453 1188 1542 lameeomieo)

61 1559 206 1629 Comitis
231 1563 467 1648 Symigiensis,
493 1566 643 1632 memorie
668 1565 933 1632 commendantes
964 1566 1187 1652 significamus

60 1669 232 1738 uniuersis
247 1670 367 1754 quibus
383 1671 516 1756 expedit
533 1676 738 1757 presoneiunr
753 1691 813 1756 per
828 1679 991 1738 terrmem:
1009 1673 1093 1756 qnod
1110 1674 1188 1755 qnia

62 1775 184 1846 (lomes
199 1779 369 1848 lohannes
386 1779 430 1846 de
446 1780 593 1868 ligyude,
604 1791 639 1848 ot
654 1781 771 1847 Iberus
797 1779 899 1846 frater
919 1780 1000 1864 eins,
1018 1780 1184 1848 medianti-

61 1885 124 1952 bus
141 1888 259 1954 litteris
283 1887 429 1956 eiusdem
446 1890 595 1974 magistri
621 1894 753 1958 lrranee
768 1889 855 1956 diem
880 1909 978 1957 vnum
996 1908 1182 1974 assumpse-

63 2001 149 2078 rant,
167 2002 204 2062 ut
220 1997 254 2063 in
270 1997 406 2064 termino
416 1997 589 2083 assignato
607 1999 736 2066 litteras
752 2017 809 2066 seu
826 1999 1041 2066 instrumenta
1056 2017 1117 2067 sua
1132 2017 1185 2064 su·

62 2121 121 2186 peu
136 2104 229 2171 facto
245 2110 330 2172 terre
346 2103 435 2172 Rara
453 2105 612 2189 oouleota,
630 2105 781 2190 impedite
798 2127 856 2192 per
876 2107 978 2173 virum
995 2105 1183 2189 religiosum

64 2213 200 2280 trahem
210 2212 429 2280 hermannum
441 2213 605 2282 Abbutem
616 2215 729 2282 Sanoti
746 2213 878 2282 Martini
897 2216 938 2282 de
953 2217 1056 2282 Saoro
1073 2217 1183 2284 Monte

65 2321 245 2405 Pannonio,
261 2328 294 2388 et
308 2321 459 2388 similiter
484 2320 568 2388 idem
592 2322 699 2390 dietus
713 2322 825 2388 Abba·
851 2321 980 2388 litteras
1009 2328 1042 2388 ot
1066 2323 1185 2388 instru-

65 2435 177 2496 menta
201 2447 263 2496 suu
279 2448 377 2515 super
402 2428 490 2496 laeto
518 2427 663 2498 eiusdem
688 2435 775 2496 terre
790 2431 882 2498 Kara
897 2433 1052 2496 emanata
1069 2438 1184 2496 eontra

67 2537 200 2605 eosdem
215 2537 371 2605 exhibere
382 2555 493 2606 eoram
508 2537 603 2606 nobis
620 2537 800 2620 debuisset,
819 2539 957 2624 ipsoque
976 2538 1115 2607 termino
1130 2557 1183 2604 aa·

65 2645 202 2732 signato
218 2645 365 2730 prefatus
385 2645 500 2714 Gomon
515 2647 682 2714 lohannes
698 2645 789 2714 venit
804 2653 838 2713 et
853 2647 1002 2714 exhibuit
1021 2667 1080 2731 pro
1095 2665 1133 2712 se
1152 2655 1185 2714 et

66 2775 123 2840 pro
148 2755 249 2822 thare
277 2755 378 2822 tratre
403 2775 463 2823 suo
494 2755 653 2840 quasdam
679 2755 806 2822 litteras
831 2773 896 2820 uon
922 2753 1068 2840 predicte
1099 2761 1184 2821 terre

69 2861 160 2930 Kara
178 2861 403 2945 eontinentes,
420 2861 537 2946 quibus
553 2862 707 2948 perlectis
725 2860 795 2947 ipse
811 2861 928 2930 (lomes
949 2859 1119 2930 Jobanues
1136 2861 1183 2928 di·

69 2971 131 3048 xit,
161 2970 251 3053 quod
275 2971 465 3058 ignoranter
480 2991 590 3040 seeum
606 2971 689 3038 olias
713 2971 841 3040 litteras
857 2971 936 3038 illue
960 2977 1182 3056 apportasset,

67 3077 271 3161 postmodnm
295 3078 418 3147 ibidem
443 3081 620 3164 assumpsit
645 3079 848 3150 uoluntatem
859 3127 868 3162 ,
895 3087 929 3148 vt
946 3077 1088 3144 sobalho
1107 3097 1182 3144 ren·

67 3193 134 3252 turo
149 3186 186 3254 iu
203 3195 318 3254 oetuuo
336 3186 539 3272 diopredioti
555 3188 683 3256 termini
708 3189 834 3256 littores
850 3196 883 3253 ot
910 3185 1116 3270 priuilegium
1136 3185 1183 3252 la·

69 3299 149 3362 otum
159 3293 406 3380 predioteterre
418 3297 509 3366 Kurra
525 3295 733 3364 eontinenela
747 3293 925 3363 exhiberet.
941 3295 1010 3364 Nos
1025 3313 1101 3362 uero
1117 3313 1182 3360 unu

68 3421 134 3470 eum
151 3403 311 3488 magistro
337 3405 511 3474 Valentino
526 3410 560 3473 et
577 3404 652 3474 aliis
668 3403 830 3472 nobilibus
854 3405 886 3470 iu
905 3405 977 3471 loeo
989 3401 1108 3488 judieii
1123 3423 1179 3470 uo·

69 3509 191 3580 bisouur
217 3511 441 3580 arridentibus
457 3511 672 3592 deeronimus,
691 3517 727 3578 rt
742 3511 775 3578 iu
800 3511 873 3595 ipso
889 3516 1007 3578 oetauo
1032 3509 1086 3576 die
1102 3516 1181 3578 ante

69 3617 304 3688 exhibitionem
320 3619 500 3687 litterarum
516 3638 649 3687 suarum
668 3617 802 3686 deberet
815 3617 896 3686 dere
912 3637 1008 3685 vnum
1024 3616 1180 3684 iudicium

69 3743 123 3807 pro
138 3745 187 3811 se,
205 3735 239 3793 et
254 3726 347 3794 alind
361 3747 421 3813 pro
437 3726 554 3796 lharus
570 3729 671 3796 fratre
684 3747 743 3794 sno
760 3733 944 3810 prenotato,
961 3746 1021 3812 pro
1038 3745 1086 3798 eo,
1103 3723 1181 3806 quia

69 3832 221 3916 inprime
247 3837 384 3904 termino
399 3849 567 3924 assumpto
592 3839 719 3904 litterae
735 3843 767 3902 et
792 3835 1010 3902 instrumenta
1034 3853 1095 3902 sua
1109 3853 1180 3921 pre-

70 3941 167 4010 missa
192 3943 346 4014 exhibere
369 3967 432 4014 nou
458 3947 582 4034 potuit,
609 3951 706 4030 prout
727 3944 876 4030 superius
901 3950 951 4008 est
982 3960 1180 4028 expressum.

69 4051 204 4138 ipsoque
230 4071 308 4137 ergo
324 4051 462 4121 termino
480 4054 673 4122 adueniente
689 4052 856 4137 prodietus
872 4049 989 4118 Comes
1013 4049 1181 4118 lohannes

68 4162 280 4244 personaliter
292 4180 351 4246 pro
367 4181 403 4228 se
413 4166 448 4228 et
462 4181 521 4248 pro
536 4163 650 4230 eodem
665 4160 781 4230 lharus
792 4157 1021 4244 competendo,
1033 4157 1179 4243 predicto

70 4267 195 4336 domino
205 4267 335 4335 Abbate
344 4267 561 4355 personaliter
570 4269 724 4338 adstante
734 4268 882 4338 exhibuit
891 4266 1051 4352 quasdam
1063 4269 1177 4352 paten-

70 4381 113 4442 tes
135 4377 277 4468 litteras,
292 4381 326 4442 et
347 4397 444 4446 vnum
463 4378 672 4472 priuilegium
697 4386 840 4446 tenorem
858 4373 1042 4478 ⁴eutrundom
1068 4379 1179 4459 paten-

71 4483 146 4550 oium
172 4485 351 4554 litterarum
369 4487 539 4554 eontinens
566 4487 688 4556 domini
713 4483 860 4554 Ladirlai
886 4482 1050 4568 quondam
1078 4479 1179 4564 Regis

70 4589 244 4678 hungarie.
261 4593 387 4673 Quibus
411 4594 494 4664 visis
510 4602 543 4661 et
557 4593 710 4683 perleotis
725 4594 810 4662 inter
826 4599 936 4660 uetera
950 4589 1089 4659 vidimus
1106 4606 1178 4656 oon·
