3094 5168
575 907 650 974 145.

99 1122 141 1189 As
155 1123 277 1210 srduyi
291 1125 514 1211 kdptolonook
530 1124 627 1190 ennete
636 1121 771 1212 folytdn
790 1125 1012 1211 tettjolentouo.
1029 1126 1127 1190 1299.

155 1321 333 1409 Magnifice
349 1322 420 1391 uiro
437 1330 471 1391 et
490 1323 628 1393 honesto
644 1321 801 1392 Lodiulao
823 1322 995 1406 Wayuode
1013 1324 1177 1392 'Pronosil-

61 1448 135 1500 usno
150 1435 183 1497 et
199 1430 319 1518 comiti
329 1425 497 1500 deZonuk
516 1429 623 1502 amieo
639 1451 751 1500 eorum
766 1430 970 1515 honorando,
988 1429 1176 1514 Capitulum

61 1537 199 1608 Eooiesie
213 1536 454 1608 Trunssiluone
478 1540 590 1610 debite
607 1542 756 1610 amieioie
773 1545 807 1606 et
823 1539 959 1608 honoris
986 1537 1177 1607 oontiuuum

61 1643 291 1714 incrementum.
309 1646 439 1718 Literas
456 1655 565 1719 vestre
581 1648 819 1736 magnitudinis
836 1643 994 1717 ueneritis
1009 1663 1072 1716 nos
1088 1663 1177 1716 reno

63 1755 141 1838 pisse
156 1753 191 1822 in
206 1756 270 1824 heo
285 1755 398 1823 verbu.

154 1862 281 1932 Amisi!
296 1864 365 1932 suis
381 1865 444 1932 sib.
472 1869 655 1938 (hovestetin
671 1870 775 1930 Ltsnlo
795 1871 882 1944 vsjds
896 1867 1014 1926 iktstisi
1029 1883 1176 1942 poraneus,

62 1975 124 2033 mint
141 1977 211 2034 14³.
231 1995 271 2034 ss.
288 1975 328 2049 a.)

157 2080 228 2148 Nos
245 2081 333 2148 euim
346 2081 567 2169 petieionibus
583 2087 695 2152 vestre
713 2078 949 2168 magnitudinis
964 2078 1060 2146 iustis
1077 2095 1119 2145 so
1132 2075 1178 2144 le-

62 2183 175 2266 gitimis
194 2195 388 2274 annuentes,
405 2210 478 2258 oum
503 2191 634 2276 prefato
659 2187 810 2276 Nyeolso
828 2185 870 2254 de
885 2188 978 2254 Mers
994 2189 1104 2252 vestro
1120 2183 1178 2250 ho·

63 2293 140 2360 mine
156 2313 252 2362 vnum
268 2317 309 2362 ex
325 2295 432 2384 nobis,
449 2296 606 2368 videlieet
622 2296 814 2384 magistrum
829 2293 1038 2382 Myehaelem
1053 2291 1179 2361 sosium

63 2406 91 2468 et
105 2405 360 2476 eonesnonieum
384 2413 531 2477 nostrum
556 2409 602 2477 ed
626 2407 793 2493 premisse
816 2403 1012 2492 peragendo
1031 2399 1180 2470 nonomi-

62 2509 154 2578 simus
169 2531 228 2596 pro
244 2516 431 2584 testimonio
455 2515 521 2585 fide
537 2514 681 2604 dignum,
700 2516 757 2600 qui
772 2515 902 2584 demum
918 2513 964 2582 ud
981 2531 1040 2582 nos
1056 2508 1183 2580 reversi

62 2620 255 2690 oonoorditer
270 2623 365 2692 nobis
382 2625 574 2708 retulerunt,
592 2623 680 2708 quod
695 2623 761 2709 ipsi
776 2623 811 2690 in
826 2621 912 2689 festo
929 2619 1083 2690 Omnium
1099 2619 1181 2688 Son·

62 2731 193 2804 ntorum,
209 2749 297 2799 nuno
313 2735 463 2816 proxime
477 2734 648 2819 preterito,
665 2733 711 2800 nd
725 2731 845 2799 ieoiem
860 2728 926 2796 ium
942 2729 1029 2795 dieto
1044 2745 1181 2812 posses·

60 2834 151 2902 sionis
161 2835 239 2906 dieti
249 2839 388 2910 Abbatis
398 2841 579 2929 Bogsrtelk
589 2846 707 2911 vooote
717 2839 898 2910 vieiuorom
912 2840 946 2903 et
961 2839 1185 2902 oommetsne·

62 2963 142 3012 orum
166 2945 315 3016 eiusdem
341 2947 511 3037 legittimis
536 2949 837 3020 oonuooooionibus
859 2945 959 3014 iestis
975 2949 1009 3011 et
1023 2940 1182 3030 presenti-

62 3051 118 3122 bus
132 3053 256 3138 puriter
272 3057 465 3128 secedendo
491 3077 533 3126 ex
548 3058 637 3129 bone
661 3057 831 3128 voluntate
848 3064 883 3125 et
897 3051 1116 3144 permissione
1133 3049 1181 3118 di·

62 3163 102 3226 oti
123 3165 323 3234 venerabilis
347 3169 380 3234 in
405 3167 536 3236 Christo
552 3169 675 3254 putris,
703 3165 830 3234 domini
845 3163 935 3232 Petri
951 3159 1109 3249 Episoopi
1124 3158 1181 3227 do·

62 3267 134 3336 mini
158 3277 190 3338 et
206 3271 331 3341 Prelati
346 3275 469 3361 nostri,
495 3276 636 3345 eundem
660 3275 853 3361 religiosum
878 3273 984 3343 virum
1010 3269 1180 3340 dominum

61 3375 215 3449 Lmuuum
232 3383 399 3452 Abbntem
410 3391 443 3452 et
462 3383 628 3454 dominum
644 3389 803 3452 sunotute
818 3379 1042 3470 possessionis
1058 3379 1182 3464 Bogsr-

62 3485 127 3554 telk
141 3497 257 3559 rooate
273 3491 510 3564 introduoendo
525 3493 791 3566 reumbulnssent
815 3492 990 3577 ipsamque
1004 3506 1064 3574 per
1082 3503 1182 3554 veras

62 3613 138 3666 suos
152 3603 258 3670 metus
274 3607 309 3668 et
318 3601 484 3689 antiques,
500 3621 607 3672 nonos
622 3599 716 3671 iuxta
731 3605 863 3670 veteres
879 3599 914 3666 in
928 3593 1011 3666 loeis
1028 3611 1182 3666 neeesse·

61 3702 118 3790 rijs
134 3706 290 3795 erigendo
304 3710 613 3798 reombuletomque
632 3715 666 3780 et
681 3709 724 3780 sb
740 3710 879 3780 oliorum
903 3703 1183 3795 possessionurijs

57 3809 183 3894 juribus
195 3815 358 3903 legittimo
374 3825 565 3907 seperstsm
580 3827 615 3889 et
640 3819 828 3889 minuetum
853 3833 928 3886 oum
945 3814 1097 3885 omuibus
1115 3814 1185 3885 suis

62 3921 258 3995 utilitatibus
273 3927 317 3996 noi
343 3927 468 3998 dietum
491 3930 735 4018 possessionem
753 3925 991 4014 speetuntibus,
1012 3923 1186 3992 submotis

60 4027 146 4102 inira
160 4032 372 4106 neomeniis
395 4038 594 4108 statuissent
613 4036 755 4107 eandem
781 4033 889 4102 eidem
912 4034 1042 4104 Lenuro
1058 4029 1186 4101 Abbati

63 4145 94 4204 et
109 4159 169 4211 suo
194 4147 410 4216 monostrerio
428 4167 468 4217 eo
480 4147 567 4234 jure,
583 4167 648 4233 quo
664 4163 707 4215 ex
722 4143 832 4215 osusis
848 4141 1019 4230 premissis
1042 4137 1126 4226 ipsis
1141 4137 1190 4208 di·

61 4258 248 4320 nosoeretur
263 4255 430 4341 pertinere
445 4263 607 4343 perpetuo
623 4253 873 4347 possidendum.
889 4252 976 4321 Mete
991 4254 1101 4320 eutem
1116 4267 1190 4334 pre·

61 4353 149 4426 diste
163 4364 391 4449 possessionis
406 4365 590 4455 Bogurtelk
606 4366 725 4451 quibus
742 4383 764 4433 o
782 4361 954 4449 rioinnrijs
969 4356 1189 4449 possessioni·

61 4463 123 4538 bns
137 4470 350 4561 distinguitur
360 4483 394 4545 et
408 4481 592 4566 soporutm,
603 4479 701 4564 prout
714 4473 817 4563 ijdem
831 4475 942 4542 uester
958 4475 993 4538 et
1007 4470 1118 4537 noster
1132 4467 1190 4536 ho·

63 4582 167 4658 minos
185 4584 284 4658 uobis
308 4583 509 4675 reniterent,
534 4585 598 4658 hoo
613 4581 728 4657 ordino
751 4579 943 4674 prooeduut.
966 4575 1078 4649 Ptine
1102 4575 1191 4646 enim
