3082 5166
795 205 950 308 „23⁰-

307 397 466 484 Gregorio
482 397 623 468 (lantone
632 449 643 486 ,
660 399 838 468 Vinoenoio
858 399 1022 487 enode,
1047 401 1200 472 Johanne
1213 403 1349 472 Denano
1365 401 1425 468 iio

306 505 409 576 olesie
424 511 533 576 nostre
549 507 774 580 existentibus.

535 663 674 740 (Teutsoh
686 665 717 726 de
729 665 890 726 Fimhaber
903 668 942 726 id.
954 688 990 727 nn
1003 669 1025 728 t.
1038 669 1067 726 k.
1081 668 1143 727 220.
1165 667 1196 742 l.)

829 1491 909 1556 162.
1037 1503 1044 1512 ’

304 1691 453 1777 sintperp
463 1686 699 1776 jovedelmekst
715 1687 1429 1775 epyerrldrdszreosztatikafelekitb‘zt.1300.

410 1887 480 1952 Nos
497 1881 681 1969 Capitulum
699 1885 849 1952 Eeolesie
867 1887 1079 1954 Posoniensis
1100 1889 1255 1956 memorie
1266 1909 1427 1957 commen·
1532 1885 1533 1940 i

305 1997 424 2063 dantes
441 1991 667 2078 significemus
684 1990 870 2079 uniuersis,
897 1994 986 2078 quod
1010 1995 1196 2062 constitutis
1212 1999 1430 2080 personaliter
1532 2057 1533 2066 ,

305 2123 415 2172 eoram
431 2101 525 2169 nobis
542 2100 736 2168 Alexandro
753 2098 820 2166 lilio
837 2099 998 2185 Stephani
1014 2101 1055 2166 de
1067 2101 1176 2169 Reohe
1187 2122 1244 2188 pro
1261 2124 1298 2168 se
1319 2110 1353 2170 et
1368 2124 1429 2188 pro

304 2213 404 2279 Petro
430 2207 532 2275 fratre
549 2227 630 2289 suo,
657 2207 793 2274 Andrea
810 2213 844 2272 et
868 2207 1020 2276 Johanne
1044 2207 1121 2293 filijs
1138 2210 1269 2276 Nioolai
1295 2213 1338 2276 ab
1365 2233 1431 2278 uns
1532 2219 1533 2234 ¹

304 2323 417 2404 parte,
443 2315 593 2381 Johanne
610 2313 676 2381 lilio
693 2315 855 2382 Johannis
873 2320 906 2382 et
921 2315 1053 2382 Matheo
1071 2315 1176 2382 fratre
1193 2337 1275 2403 sno,
1301 2319 1428 2386 Thoma

305 2433 338 2493 et
354 2423 524 2490 Dominieo
550 2423 629 2507 filijs
656 2421 808 2508 magistri
835 2423 923 2489 Petri
946 2424 990 2488 ab
1017 2423 1122 2490 altera
1136 2476 1145 2509 ,
1171 2431 1246 2492 sunt
1270 2427 1427 2512 confessi,

305 2531 487 2617 quodlicet
512 2537 603 2598 mota
619 2531 718 2599 suerit
744 2531 882 2598 materia
900 2531 1082 2614 questionis
1107 2532 1192 2599 inter
1211 2533 1303 2618 ipsos
1330 2555 1430 2620 snper

303 2639 514 2726 possessione
530 2639 694 2726 Symperg
708 2645 838 2720 uocata,
850 2646 882 2706 et
898 2639 952 2706 diu
963 2639 1078 2706 ordine
1088 2637 1261 2707 iudiciario
1274 2644 1428 2709 alternati

303 2749 454 2831 fuissent,
471 2748 516 2814 ad
532 2748 678 2814 ultimum
696 2755 808 2814 tamen
820 2747 1041 2816 mediantibus
1059 2751 1168 2834 probis
1185 2751 1285 2834 uiris;
1303 2751 1431 2818 scilieet

304 2855 430 2923 Comite
447 2856 545 2921 Petro
561 2857 682 2939 Magno
700 2861 732 2919 et
750 2855 878 2920 Comite
894 2854 1021 2922 Jaeobo
1041 2855 1119 2941 iilijs
1134 2855 1299 2922 Johannis
1316 2858 1357 2924 de
1374 2861 1432 2927 Ja-

304 2965 382 3042 nuh,
400 2962 526 3032 comite
540 2960 701 3028 Ladizlao
718 2968 751 3027 et
767 2961 927 3048 Magistro
944 2959 1093 3045 Jaeoho,
1118 2961 1198 3046 filijs
1216 2963 1384 3049 Stephani
1399 2969 1433 3032 in

304 3074 402 3138 talem
421 3071 514 3158 pacis
533 3070 745 3137 concordiam
762 3069 993 3152 domuissent,
1021 3071 1108 3152 quod
1125 3071 1157 3135 in
1185 3072 1339 3139 omnihus
1355 3095 1434 3160 pro-

305 3179 460 3249 uentibus
477 3185 510 3246 et
534 3177 732 3245 utilitatibus
758 3179 862 3262 ipsius
880 3177 1103 3266 possessionis
1117 3179 1301 3267 Symperg‚
1327 3201 1437 3264 qnan-

305 3294 373 3353 tum
390 3286 580 3356 Alexander
597 3293 628 3353 et
644 3286 796 3355 Andreas
814 3287 995 3371 supradioti
1013 3305 1084 3352 eum
1104 3287 1264 3355 fratribus
1285 3289 1354 3357 suis
1372 3291 1438 3357 ha-

304 3397 383 3464 here
399 3395 622 3476 dinoscuntur,
640 3387 698 3462 aut
714 3393 898 3480 possidere,
914 3399 1004 3463 reete
1021 3400 1152 3460 tanturn
1163 3395 1336 3466 lohannes
1356 3421 1437 3467 eum

305 3503 406 3571 fratre
422 3523 481 3572 suo
498 3504 627 3571 Thema
644 3503 794 3571 similiter
811 3524 885 3570 oum
910 3503 1011 3571 fratre
1027 3522 1087 3570 suo
1104 3501 1224 3570 debent
1243 3505 1439 3592 percipere,

304 3609 477 3696 possidere
493 3609 632 3696 paoiiiee
649 3617 682 3678 et
697 3610 839 3694 habere,
866 3611 1053 3696 obligantes
1070 3629 1119 3697 se,
1137 3612 1228 3694 quod
1244 3616 1444 3697 quicunqne

305 3739 346 3786 ex
372 3717 454 3804 ipsis
482 3737 639 3803 processu
667 3726 850 3804 temporum
883 3737 984 3803 super
1012 3718 1184 3803 sepedicta
1216 3722 1447 3806 possessione

304 3829 470 3914 Symperg
487 3827 594 3893 uellet
614 3826 789 3894 materiam
814 3826 998 3910 questionis
1015 3827 1172 3909 incitare,
1199 3833 1279 3893 ante
1298 3827 1376 3894 litis
1396 3833 1447 3899 in-

303 3952 453 4018 gressum
470 3931 569 4001 debet
594 3934 710 4018 iudieij
728 3936 858 4002 soluere
883 3934 996 4002 deeem
1013 3953 1151 4000 mareas.
1178 3931 1300 4000 Datum
1315 3933 1450 4006 Domi-

304 4043 378 4109 nieo
394 4040 449 4107 die
466 4040 616 4126 proximo
633 4047 709 4128 post
735 4043 855 4109 festum
873 4041 1025 4110 Omnium
1042 4041 1236 4108 Sanctorum
1256 4062 1353 4110 anno
1376 4044 1450 4114 Do-

305 4149 385 4217 mini
401 4147 451 4214 lll⁰
469 4147 577 4217 000⁰.

308 4325 443 4398 (Hirtys.
458 4323 637 4382 Kuloldaltn
650 4345 668 4382 a
680 4323 877 4397 peesdtnyom.
896 4325 1185 4398 Possonykrtptalani
1199 4326 1349 4400 orendgos
1366 4333 1457 4393 level

548 4413 602 4474 thr.
616 4417 715 4489 Capsa
728 4415 791 4472 Vll.
803 4417 888 4474 Fase.
903 4417 929 4472 l.
943 4415 1011 4474 Nro.
1024 4417 1050 4473 3.
1065 4417 1184 4487 Krmaa.)
