3072 5168
323 1075 392 1174 ΙΙΙΙ.
408 1103 516 1172 mods
530 1102 638 1191 kirtly
661 1100 835 1190 dizooyttja
845 1154 854 1190 ‚
880 1101 960 1190 kopp
976 1053 1057 1189 prdf
1075 1087 1200 1167 Jaocltt'
1222 1089 1331 1168 dotat
1349 1124 1371 1165 a
1383 1116 1444 1188 pc-

325 1216 433 1302 zeouyr'
448 1207 668 1302 tcptdonoat
684 1209 913 1296 odorodnyoetu
929 1205 1069 1274 Ohorrdol
1085 1208 1330 1298 nectijdezdpdt.
1348 1211 1445 1274 1296.

431 1410 582 1480 Andreas
599 1407 662 1477 Dei
674 1407 788 1494 grecie
799 1403 953 1492 Vngurie,
964 1407 1149 1494 Dulmucie,
1167 1407 1314 1494 Groecie,
1332 1409 1444 1489 Reme,

323 1519 448 1605 semis,
464 1519 620 1604 Gallicis,
634 1516 837 1603 Lodomerie,
864 1516 1032 1601 cumunic,
1051 1515 1273 1602 Bulgarieque
1290 1515 1361 1583 Rex
1376 1518 1445 1584 vni·

324 1630 429 1698 uersis
446 1621 564 1714 quibus
581 1635 751 1712 presentes
777 1624 993 1693 ostendentur
1008 1624 1146 1692 salutem
1164 1626 1199 1691 in
1216 1623 1334 1693 salutis
1350 1621 1445 1709 largi

325 1746 405 1806 tore.
423 1736 473 1803 Ad
492 1738 718 1804 uniuersorum
744 1733 1039 1820 noticiam-tenore
1065 1733 1271 1816 presencium
1297 1731 1443 1800 volumus

325 1843 506 1931 peruenire,
522 1842 611 1927 qnod
623 1844 741 1912 (lomes
751 1841 907 1922 lacobus,
925 1840 1012 1907 ttius
1029 1840 1192 1908 Johennis
1209 1838 1249 1904 de
1265 1839 1381 1908 Jannk
1397 1859 1444 1906 co·

327 1969 398 2017 rem
422 1951 516 2018 nobis
540 1949 759 2036 personaliter
785 1945 990 2032 constitutus,
1016 1949 1178 2030 quandum
1204 1948 1444 2031 possessionem

325 2079 419 2128 suem
444 2057 631 2142 emptitiam
656 2054 805 2124 (lhondol
830 2061 983 2123 vocatum
1011 2057 1044 2120 in
1069 2053 1232 2123 Gemitetn
1253 2055 1444 2122 Posoniensi

327 2169 532 2251 existentem,
550 2185 622 2234 oum
639 2166 788 2233 omnibus
804 2165 998 2233 utilitatibus
1015 2170 1046 2229 et
1064 2166 1279 2251 pertinenoijs
1294 2167 1365 2234 suis
1381 2166 1445 2233 rni-

326 2277 443 2364 uersis,
460 2276 616 2344 videlieet
631 2281 717 2341 turre
743 2294 842 2361 super
867 2275 983 2342 eudem
1008 2281 1099 2340 terre
1123 2273 1292 2349 existente,
1318 2273 1445 2354 tenetis,

327 2385 432 2469 siluis,
447 2383 602 2470 pomerio,
619 2383 804 2468 piscaturis,
822 2401 863 2449 ec
878 2381 960 2450 locis
971 2381 1240 2464 molendinorum,
1257 2379 1361 2465 dedit,
1378 2399 1445 2446 eon-

326 2491 413 2574 tulit,
430 2498 462 2558 et
478 2491 615 2559 donauit
631 2490 782 2576 (lepitulo
803 2489 954 2556 Ecclesie
965 2488 1081 2556 Sancti
1097 2487 1279 2554 Saluutorir
1294 2487 1336 2556 de
1352 2488 1445 2554 Poso-

327 2603 381 2667 nio
397 2606 557 2686 perpetuo
574 2595 818 2684 possidendam,
836 2598 899 2664 sub
915 2595 1109 2663 condicione
1124 2589 1260 2662 inferius
1278 2603 1443 2664 eunome

327 2708 568 2793 Itevidelicet,
595 2708 683 2790 quod
708 2707 865 2791 quamdiu
891 2706 978 2772 idem
1005 2704 1123 2773 (lomes
1149 2704 1295 2774 Jucobus
1323 2705 1445 2788 uixerit,

328 2818 561 2887 usumfructum
580 2819 727 2885 eiusdem
753 2813 975 2901 possessionis
991 2813 1153 2901 percipiet
1171 2815 1270 2901 pleno
1287 2815 1376 2902 iure;
1391 2815 1447 2883 sed

328 2933 555 3014 postmortem
576 2925 645 2993 cius
662 2925 809 3013 predicto
833 2925 1026 2994 Posoniensi
1052 2924 1205 3011 (lepitulo
1221 2925 1356 3011 profete
1377 2943 1447 3012 pos·

328 3035 433 3102 sessio
449 3032 599 3102 Chondel
611 3030 698 3120 (lgy)
708 3041 829 3102 vocatu
838 3033 1085 3120 perpetuabitur
1101 3033 1443 3120 irreuocebiliterpos·

328 3143 469 3211 sidendu
491 3141 551 3209 sub
567 3142 812 3211 condicionibus
833 3144 866 3208 in
882 3142 998 3210 litteris
1015 3141 1177 3227 sepedicti
1192 3139 1338 3230 Capituli
1353 3143 1445 3210 Poso-

329 3253 456 3320 niensis
480 3252 739 3336 comprehensis.
757 3251 794 3316 In
813 3253 903 3319 cuius
928 3253 976 3318 rei
1000 3249 1192 3318 memoriam
1208 3257 1242 3318 et
1258 3257 1446 3338 perpetuom

330 3359 516 3426 firmitatem
532 3366 702 3444 presentes
720 3362 942 3428 concessimus
966 3359 1096 3426 litterae
1114 3356 1253 3443 duplicis
1271 3360 1372 3445 sigilli
1396 3379 1447 3424 no-

329 3469 388 3536 stri
403 3467 579 3535 munimine
594 3469 775 3536 roboratos.
800 3469 923 3552 Dptum
939 3487 998 3554 per
1025 3487 1141 3534 monus
1168 3469 1365 3536 venerabilis
1387 3467 1446 3536 uiri

330 3573 452 3641 domini
467 3575 633 3644 Theodori
649 3575 713 3642 Dei
734 3579 847 3662 grecie
865 3575 1021 3660 Episcopi
1036 3575 1231 3660 lentiensis,
1249 3577 1327 3644 sule
1343 3583 1447 3647 nostre

330 3683 634 3769 Vise-Oeneellorij,
646 3683 758 3751 dilecti
774 3691 807 3750 et
822 3683 930 3752 fidelis
941 3689 1056 3770 nostri,
1073 3703 1160 3754 enno
1174 3685 1306 3754 Domini
1323 3685 1370 3754 lt⁰
1380 3683 1447 3754 00⁸

329 3793 542 3877 nonogesimo
560 3801 662 3877 sexto,
679 3793 783 3879 primo
800 3789 889 3880 (lgy)
910 3791 988 3860 Idus
1006 3791 1139 3877 Aprilis.

331 3985 463 4059 (Hertye.
475 3987 616 4060 Apecsdt
625 3987 779 4046 rdrdsndld
788 3989 922 4044 nsindron
931 3987 1055 4062 tttggott
1066 3987 1092 4043 Δ
1104 3986 1385 4062 ponsonykdptelsni
1394 4005 1447 4045 me·

475 4075 709 4148 gtnlevtlttrtol
721 4074 819 4152 (lepus
833 4077 864 4136 O.
877 4078 960 4136 Foco.
975 4079 1018 4135 11.
1032 4075 1099 4135 Nnc.
1114 4081 1174 4138 120.
1185 4079 1301 4151 hest.)

766 4377 808 4393 aas.
821 4375 1026 4400 rumex-amm
