3094 5168
570 285 728 396 Q

99 505 287 586 prenotutcs,
302 500 398 582 prout
414 493 502 560 idem
531 497 649 565 Gomes
675 502 840 567 morante
856 505 889 565 et
914 503 1053 583 quatuor
1077 495 1212 566 Judices

100 608 136 674 ab
150 605 310 692 omnibus,
328 602 485 686 aquibus
509 603 601 672 licuit
616 613 649 674 et
673 604 792 688 decuit,
808 605 891 672 scire
907 605 1067 691 potuisset
1089 603 1209 671 uerita·

98 723 154 784 tem
168 715 199 781 iu
214 711 394 799 premissis.
420 709 474 780 ld
490 710 552 778 bec
568 712 673 782 eciam
697 715 825 784 litteras
842 711 986 800 Oapituii
1010 711 1209 798 Weuprimy-

99 825 175 892 eneis
190 819 424 907 inquisitoriae,
442 837 506 904 que
534 821 644 889 omnia
658 823 822 910 premissa
837 821 962 890 eisdem
974 819 1209 907 jobagionibus

99 931 214 1001 domiue
230 932 358 1018 Regino
383 947 441 1015 por
458 931 549 1014 ipsos
567 933 693 998 nobiles
710 932 812 1000 foisse
828 931 976 1018 irrogata
991 927 1209 997 affirmabant.

98 1041 208 1120 Quibus
224 1039 378 1128 perlectis
389 1039 491 1107 iidem
508 1037 599 1106 Zoda
615 1046 649 1108 et
663 1041 746 1111 Bous
762 1058 822 1127 pro
838 1059 875 1107 se
891 1045 924 1106 et
939 1037 1055 1106 eodem
1070 1023 1210 1103 Nicolao

98 1147 241 1232 predictis
258 1145 376 1214 litteris
386 1143 602 1228 inquisitoriis
619 1147 769 1231 Magistri
788 1147 950 1214 Laurente
966 1144 1100 1215 Comitis
1117 1143 1210 1213 Weu·

96 1255 280 1340 primyeusis
306 1257 340 1318 ct
364 1258 504 1335 quatuor
528 1251 679 1321 Judioum
697 1253 975 1336 contradixerunt,
1002 1252 1206 1322 falsificando

95 1364 190 1447 ipsum
206 1363 400 1446 Magistrum
411 1359 576 1429 Laurente
592 1366 625 1428 et
641 1360 722 1427 duos
738 1381 780 1429 ex
791 1359 916 1430 eisdem
927 1367 1068 1445 quatuor
1082 1361 1206 1429 ludici-

97 1473 157 1553 bus,
173 1468 326 1537 videlicet
337 1465 497 1538 Comitem
508 1467 678 1558 Mathyam
699 1469 742 1536 de
752 1469 827 1536 Wrs
844 1475 877 1535 et
892 1469 1084 1556 Magistrum
1101 1471 1208 1558 Heym

96 1580 247 1660 deintra,
264 1578 356 1662 ipsas
367 1579 496 1645 litteras
514 1597 624 1646 eorum
642 1577 747 1645 salsas
763 1595 839 1646 csse
855 1584 1045 1645 asserentes
1065 1578 1098 1642 iu
1115 1586 1210 1666 eo,ut

97 1687 172 1753 idem
185 1685 344 1770 Magister
359 1683 544 1769 Leureute,
562 1683 681 1752 (lomes
707 1683 863 1770 Mathyas
881 1690 914 1748 et
930 1683 1088 1766 Magister
1105 1685 1209 1775 Heym

95 1816 151 1862 uon
165 1813 205 1860 ex
221 1793 314 1874 scitu,
330 1809 492 1859 consensu
509 1797 542 1856 et
566 1792 736 1860 voluntate
751 1790 892 1859 Donatie
909 1797 943 1856 et
959 1792 1115 1880 Gelyauy
1130 1795 1209 1862 alio·

94 1923 155 1968 rum
170 1902 307 1968 duorum
331 1898 486 1967 Judicum
510 1918 550 1965 ex
573 1899 655 1985 ipsis
682 1905 821 1982 quatuor
847 1899 1018 1967 iuditibus
1044 1903 1209 1970 Nobilium

97 2010 271 2078 Comitatus
277 2008 557 2095 Wezprimyensis
568 2007 734 2093 predictas
746 2009 874 2076 litteras
885 2006 1111 2092 inquisitorias
1122 2009 1209 2079 frau-

96 2117 243 2203 dulenter,
259 2117 380 2199 inique,
398 2116 513 2183 dolose
529 2122 562 2180 et
577 2114 663 2185 ialso
681 2115 776 2184 modo
792 2117 953 2184 iecissent
972 2118 1120 2186 emanari
1137 2137 1209 2186 con·

95 2241 142 2294 tra
155 2227 254 2310 ipsos.
270 2221 435 2306 Vndeper
451 2221 618 2288 dominum
629 2219 797 2289 Andream
808 2223 976 2290 Illustrem
988 2225 1114 2308 Regem
1124 2225 1209 2293 liuu-

97 2334 191 2420 garie,
207 2331 372 2398 domiuum
397 2337 554 2415 nostrum,
571 2337 604 2398 et
620 2349 680 2415 per
702 2351 764 2397 nos
788 2337 957 2416 tamquam
973 2333 1211 2427 'Vico-Judicem

95 2443 184 2510 curie
200 2440 303 2527 Regio
320 2443 481 2507 statutum
497 2439 627 2525 suerat,
644 2439 733 2522 quod
749 2437 783 2508 in
799 2441 975 2524 quindenis
994 2441 1090 2508 Beati
1106 2445 1207 2513 ceor-
1328 2487 1332 2494 -

95 2553 135 2636 gii
149 2550 289 2619 martiris
314 2547 414 2615 ambe
440 2557 552 2632 partes
578 2561 689 2615 coram
709 2547 841 2617 domiuo
865 2551 956 2636 Rege
981 2560 1207 2637 comparerent

94 2659 218 2746 iterato,
236 2669 268 2726 et
282 2655 461 2724 Ladiulaus
479 2662 512 2722 et
529 2657 618 2725 Dece
640 2658 733 2742 ipsas
751 2659 879 2726 litteras
904 2657 1098 2728 falsificatus
1116 2663 1204 2729 exiri-

95 2767 209 2843 berent‚
225 2763 327 2831 iidem
342 2782 420 2830 uero
437 2762 549 2846 Zoda‚
567 2764 648 2830 Bous
664 2773 697 2832 et
711 2766 867 2833 Nicolaus
883 2765 1041 2834 deberent
1057 2789 1203 2858 compro·

95 2877 177 2962 bare,
190 2883 225 2943 ut
234 2873 395 2959 Magister
405 2873 579 2958 Laurente,
591 2875 710 2941 Comes
720 2875 877 2962 Mathyas
887 2883 920 2939 et
930 2875 1089 2960 Magister
1098 2877 1206 2962 Heym

95 2986 151 3051 siut
166 2981 244 3050 salsi
254 2981 396 3068 judices,
421 2985 453 3047 et
467 2980 617 3066 predicte
642 2982 751 3049 littere
767 2999 879 3048 eorum
897 2983 1099 3065 inquisitorie
1117 2985 1206 3054 eimi-

95 3093 159 3159 liter
175 3093 261 3158 ialse
278 3097 312 3156 et
328 3087 424 3155 modo
450 3087 626 3174 prehabito
642 3097 817 3175 emanata,
845 3099 941 3177 prout
957 3093 1018 3161 hec
1035 3093 1070 3162 in
1087 3094 1206 3164 litteris

95 3201 231 3268 eiusdem
247 3198 371 3264 domiui
395 3196 495 3280 Regis
512 3197 651 3266 formam
663 3197 781 3284 jodicij
808 3201 1049 3270 continentibus
1075 3223 1204 3291 compo-

95 3309 184 3378 rimus
201 3307 380 3377 euidenter.
406 3304 667 3399 Aduenieutibus
683 3307 793 3391 itaque
813 3307 895 3392 ipsis
921 3310 1094 3392 quindenis
1109 3313 1211 3393 Beati¹

96 3417 216 3502 Georgii
233 3414 389 3494 martiris,
406 3413 484 3496 quia
494 3413 644 3481 dominus
655 3415 726 3480 Rex
741 3415 850 3500 ipsam
861 3433 998 3486 causam
1014 3419 1110 3486 nobis
1120 3439 1204 3488 com·

94 3527 218 3596 miserat
243 3521 454 3592 iudicandam
472 3530 504 3590 et
528 3521 644 3590 ordine
668 3522 748 3591 iuris
766 3523 983 3593 decidendam
994 3577 1004 3612 ,
1026 3527 1204 3598 Ladiulaus

95 3644 123 3699 et
135 3636 220 3701 Does
238 3634 347 3701 dictas
364 3631 491 3700 litteras
517 3629 712 3699 falsificatus
729 3631 938 3700 exhibuerint
963 3633 997 3702 in
1012 3639 1114 3704 nostri
1128 3657 1202 3725 pre·

96 3741 207 3828 rencia,
223 3749 261 3808 ut
276 3739 465 3820 debebant,
491 3739 592 3808 iidem
608 3759 685 3806 uero
702 3741 793 3808 Zoda
811 3747 845 3808 et
860 3743 941 3810 Bora
958 3763 1019 3829 pro
1042 3763 1079 3813 se
1095 3753 1129 3813 et
1144 3765 1205 3832 pro

95 3851 158 3938 ipso
172 3849 311 3920 Nicolao
328 3855 555 3935 comparentes
582 3849 800 3918 exbibuerunt
816 3852 977 3935 quasdam
1000 3853 1128 3925 litteras
1143 3853 1205 3924 sub

95 3961 209 4029 duobus
226 3960 346 4047 sigillis
362 3959 491 4028 anuleis
506 3961 541 4026 iu
557 3959 619 4027 hec
633 3962 760 4029 uerba:

190 4069 330 4138 Domine
345 4071 425 4138 Rex.
444 4070 692 4154 Oouqueruntur
708 4071 802 4138 uobis
820 4071 991 4159 Gelyanus
1017 4077 1051 4140 et
1066 4075 1205 4143 Donach

95 4175 213 4248 iudices
235 4181 278 4247 de
295 4179 456 4247 comitatu
471 4177 743 4266 Wozprimyensi‚
760 4187 793 4246 et
816 4187 935 4267 petunt
959 4181 1205 4253 Excellenoiam

96 4283 236 4354 Vestram
263 4287 502 4376 supplicando,
530 4287 619 4371 quod
635 4286 813 4356 Ladiulaus
839 4287 926 4359 blius
950 4289 1042 4358 Rusd
1067 4297 1100 4357 ct
1115 4293 1205 4362 Deos

97 4393 171 4463 lilius
187 4396 369 4486 Tybuuohij
384 4396 524 4476 litteras,
542 4415 626 4480 quaa
642 4396 676 4463 in
693 4396 809 4463 Vestro
826 4397 1013 4466 Maiestatis
1031 4401 1206 4483 presencia

96 4501 124 4567 iu
137 4508 260 4575 octauis
277 4505 355 4592 diey
381 4524 536 4592 cyperum
553 4505 621 4589 legi
636 4504 782 4573 lecerunt
803 4512 919 4574 contra
936 4507 1047 4591 Zoda,
1074 4507 1155 4577 Bors
1171 4513 1205 4576 et

95 4609 256 4682 Nicolaum
275 4613 486 4684 deZurchulr
503 4631 677 4700 supereo,
704 4621 738 4681 ut
758 4615 821 4699 ipsi
841 4615 978 4685 eosdem
993 4631 1093 4702 super
1116 4623 1206 4688 terra
