3130 5158
646 332 690 404 ‘it

589 425 746 442 *-

91 553 191 622 mus,
208 533 403 604 donauimns
420 538 453 605 et
462 533 659 606 eontulimns
676 529 847 602 lierbordo
858 535 891 600 et
908 529 1062 602 iretribur
1078 534 1147 604 ruis
1160 551 1227 602 me·

91 643 265 728 moratis,
281 650 315 710 et
331 663 441 713 eorum
457 642 653 726 heredibus,
676 643 897 727 heredumque
912 661 1044 710 suorum
1059 661 1227 713 suceesso-

95 753 221 840 ribus,
238 753 308 822 iure
323 758 481 838 perpetuo
506 761 540 820 et
554 751 815 821 irreuooabiliter
836 750 974 839 paoifioo
990 750 1226 837 possidendam

94 869 139 928 et
156 861 356 948 habendam,
375 860 435 930 sub
452 859 547 930 metis
563 861 706 948 antiquis
721 868 753 928 et
768 860 933 948 prioribus
955 859 1223 930 distinoeionibne

94 971 328 1038 terminorum.
353 971 401 1035 Vt
415 968 515 1054 igitur
539 968 638 1037 huius
654 978 764 1038 nostre
786 967 979 1039 donacionis
992 987 1052 1036 seu
1068 966 1223 1036 oollaeio-
1254 962 1261 970 '

95 1081 161 1145 nis
177 1078 280 1146 series
297 1079 395 1146 robnr
424 1078 572 1146 obtineat
586 1085 744 1166 perpetue
759 1077 941 1163 firmitatis,
965 1082 1135 1164 presentes
1153 1095 1226 1145 uon·

99 1189 267 1255 oessimus
284 1189 411 1254 litteras
429 1187 594 1276 dupplieis
611 1187 711 1271 sigilli
727 1187 829 1255 nostri
852 1187 1027 1255 munimine
1042 1184 1228 1253 roboratas.

97 1297 230 1362 Datum
246 1311 305 1378 per
331 1313 447 1362 manue
472 1293 604 1361 disereti
630 1295 691 1362 viri
713 1295 861 1380 magistri
886 1292 1050 1364 Theodori
1074 1292 1228 1360 Albensis

101 1401 257 1470 Emissis
272 1402 455 1487 Propositi,
481 1403 557 1470 aule
573 1408 683 1471 nostre
700 1400 993 1488 Vite-Ganoellarij
1011 1399 1124 1470 dileeti
1140 1407 1174 1468 et
1189 1400 1225 1470 ii·

101 1509 195 1578 delis
212 1509 315 1578 nostri
330 1529 418 1580 anno
435 1509 566 1579 Domini
583 1509 634 1578 Μ0
649 1509 720 1579 00⁰
733 1512 946 1598 nonagesimo
962 1509 1075 1580 ternio.
1141 1575 1143 1580 ,

103 1705 255 1764 (Eredetie
274 1725 292 1762 a
310 1705 377 1778 grbi
396 1706 498 1763 Teleki
521 1705 619 1766 esaled
639 1706 871 1782 magyarorendgi
892 1703 1007 1780 igdnak
1028 1703 1226 1763 leveltirtiban

475 1795 629 1872 Gyiimrdn.
648 1799 730 1854 state
742 1793 865 1868 Keroly.)

549 2079 800 2096 Ἤ

641 2661 700 2728 50.

105 2851 162 2922 50.
179 2852 245 2923 III.
261 2853 370 2922 Eredre
385 2853 492 2941 lively
511 2853 613 2921 Cluui
630 2857 804 2924 lutodoook
819 2859 927 2924 Kereeo
942 2859 1136 2944 oeodfbldet
1154 2859 1228 2925 ado-

518 2969 695 3052 mdoyoeza.
720 2967 817 3031 1293.

217 3161 368 3229 Andreas
378 3161 442 3230 Dei
451 3162 564 3246 gracia
573 3165 752 3250 Hungarie‚
764 3164 944 3242 Dalmatio,
956 3165 1104 3252 Oroatis,
1114 3165 1228 3251 Reme,

108 3267 236 3351 Seruio,
249 3269 388 3336 Gallioie
398 3269 600 3358 Lodomerie,
617 3271 785 3360 Cumanie,
795 3273 1107 3359 BulgariequeRex,
1124 3273 1226 3340 omni·

106 3378 172 3441 bus
188 3374 310 3446 (lbristi
325 3377 476 3446 fidelibus
492 3387 662 3463 presentes
678 3382 806 3450 litteras
822 3383 1020 3466 inspectoris
1037 3381 1177 3451 salntem
1194 3379 1228 3446 in

109 3479 228 3550 solutis
244 3479 407 3568 largitore.
424 3482 475 3550 Ad
492 3485 553 3553 boo
569 3507 629 3555 nos
645 3490 735 3555 Deus
751 3489 785 3555 in
801 3488 951 3573 apicibus
977 3489 1112 3576 Regalis
1127 3485 1228 3556 (telsi-

108 3588 234 3655 tndinis
251 3591 354 3657 erexit
365 3598 398 3658 et
413 3591 534 3671 auexit,
546 3599 583 3659 nt
599 3595 706 3661 metiri
719 3593 875 3663 debemus
887 3597 1001 3664 merita
1016 3597 1228 3682 singulorum,

112 3704 146 3762 et
162 3695 378 3764 lieetmanum
397 3697 578 3768 munificam
593 3703 760 3787 porrigere
771 3703 950 3770 debeamus
959 3702 1134 3792 uniuersis,
1151 3703 1225 3771 illos

110 3813 224 3873 tamen
240 3807 313 3892 plue
325 3828 384 3892 pre
395 3809 510 3876 ceteris
522 3811 675 3896 prosequi
686 3809 841 3880 debemus
853 3814 1040 3881 muneribus
1050 3813 1227 3896 donatiuis,

113 3915 170 4000 qui
185 3914 329 4001 Regibus
345 3913 477 3984 sedulos
504 3917 656 3986 exhibent
672 3920 859 3989 famulatus.
876 3921 1018 3989 Proinde
1035 3921 1077 3988 ad
1093 3921 1225 3989 rniuer·

109 4043 221 4091 sorum
232 4024 387 4091 notieiam
403 4025 517 4093 barum
532 4027 616 4092 serie
627 4029 776 4097 uolumus
787 4027 972 4116 peruenire,
983 4030 1071 4114 qnod
1088 4029 1237 4115 Stepha·

109 4149 172 4199 nus
187 4128 407 4198 filiusllothei
427 4131 468 4199 de
487 4132 589 4218 Chen,
609 4137 1112 4226 nostramadienspresenoiam‚
1125 4155 1225 4220 quan·

110 4237 186 4303 dam
203 4243 323 4303 terram
340 4237 557 4306 nostrinostri
575 4239 617 4305 de
633 4240 747 4309 Zonolr
763 4243 884 4312 Kerew
907 4253 1057 4313 uooatam
1085 4267 1106 4312 a
1133 4245 1229 4311 nobis

113 4345 214 4429 peoiit
229 4345 294 4412 sibi
309 4344 400 4433 dari;
416 4366 528 4414 rerum
554 4347 631 4432 quia
656 4349 698 4415 de
714 4353 874 4434 qualitate
891 4361 924 4422 et
939 4355 1123 4437 quantitate
1140 4354 1229 4422 dioto

108 4459 204 4538 terre,
222 4459 255 4518 et
271 4462 375 4521 utrum
393 4455 437 4522 ad
449 4462 592 4522 nostram
610 4457 823 4527 eollaoionem
839 4462 1018 4547 pertineret
1033 4483 1091 4530 neo
1109 4483 1230 4547 ne,no·

113 4560 165 4629 bis
181 4557 305 4626 ueritas
321 4579 386 4630 non
404 4562 587 4645 constabat,
604 4561 753 4632 fidelibus
770 4567 888 4634 nornis
906 4568 1057 4653 Capitnlo
1075 4569 1230 4638 Albensis

112 4667 264 4738 Eeolesie
288 4668 531 4740 'lrannsiloaue
555 4673 674 4742 nostris
690 4671 839 4742 dedimus
865 4676 982 4744 litteris
997 4677 1031 4742 in
1056 4679 1229 4766 mandatio,
