3072 5168
74 1003 99 1068 Ι
98 1003 154 1068 ΙΙ.
171 1003 281 1068 &edre
304 1002 412 1090 ktroty
437 1025 459 1066 o
484 1001 576 1089 tepent
590 1005 700 1070 Boium
706 1005 773 1086 fiue‘
795 1008 827 1070 ἐι
852 1007 1075 1099 liptovuruh'ui
1097 1013 1209 1101 Ιεὸιιές

73 1109 198 1195 ktiziitt,
210 1132 231 1173 a
241 1110 361 1175 terdeni
370 1110 503 1174 innocent
518 1109 1209 1201 ewutooetttirtokcrerecmeperteet.1296.

193 1273 346 1342 Andreas
363 1272 425 1339 Dei
440 1271 553 1356 gracia
568 1271 757 1358 Hungurie‚
774 1269 946 1345 Deimucie
955 1328 965 1363 ‚
983 1279 1132 1366 (troanie,
1149 1284 1210 1350 11⁸.

74 1399 149 1464 me,
167 1381 300 1462 Serum,
318 1377 478 1462 Gellioic,
501 1379 706 1464 Lodomerie,
721 1377 887 1467 conante,
904 1385 1123 1474 Bnlgnrieqne
1137 1369 1210 1460 Rex

77 1489 240 1556 omnibus
257 1488 379 1558 Ohristi
394 1486 546 1556 fidelibus
571 1495 756 1576 presentem
772 1491 929 1576 pagiuam
944 1495 1142 1582 inspecturis
1158 1519 1211 1568 sc·

4 1605 6 1618 '
75 1596 186 1665 intem
204 1600 238 1666 in
264 1599 383 1668 salutis
398 1601 566 1686 largitore.
594 1601 643 1668 ud
658 1600 886 1669 uniuersorum
909 1609 976 1674 tum
1003 1610 1210 1693 presencium

77 1727 186 1793 quem
202 1709 383 1778 futurorum
398 1708 552 1776 noticiam
577 1714 692 1775 tenore
710 1709 916 1796 presencium
935 1714 1083 1784 uolumus
1097 1735 1212 1804 perue-

77 1820 168 1907 nire,
186 1817 277 1904 quod
293 1815 460 1886 Omodcus
476 1817 563 1886 filius
573 1814 681 1887 Behur
698 1818 740 1884 de
751 1815 880 1905 Lypton
895 1819 939 1888 sd
954 1831 1101 1893 nostrum
1116 1843 1210 1894 ecce·
1325 1843 1330 1857 ·

78 1928 169 1996 dens
184 1927 406 2014 presencium,
423 1925 572 1993 exhibuit
587 1924 682 1993 nobis
696 1926 825 1994 litteras
849 1928 1073 2020 priuilegieies
1089 1933 1211 2020 Prepe-

79 2037 193 2106 sitiet
218 2036 404 2106 conuentus
421 2033 573 2102 Ecclesie
596 2035 699 2104 Beate
715 2035 859 2122 Virginis
885 2037 927 2106 de
942 2038 1094 2129 tumen,
1114 2061 1212 2132 super

79 2146 176 2214 secto
194 2144 363 2214 cuiusdam
380 2141 565 2228 ooneombij
584 2142 790 2232 interipsum
810 2151 843 2212 et
859 2143 979 2216 naeres
995 2168 1072 2220 suos
1088 2153 1131 2219 ub
1147 2171 1213 2224 unc

80 2261 180 2342 parte
192 2303 202 2338 ,
228 2259 261 2320 et
275 2252 417 2340 populos
446 2249 487 2318 de
513 2248 668 2320 suburbio
693 2252 795 2320 uestri
822 2253 864 2322 de
879 2257 1010 2344 Lyptov
1028 2277 1076 2328 ,ex
1096 2261 1213 2346 alters,

80 2363 282 2450 coniectum,
298 2369 415 2450 petens
430 2380 503 2430 oum
517 2359 694 2447 instancia,
711 2369 746 2429 ut
762 2363 870 2450 ipsum
881 2361 1092 2455 priuilegium
1107 2375 1213 2439 return

81 2471 231 2554 hebere,
256 2477 432 2556 nostroque
457 2469 633 2558 priuilegio
649 2469 756 2554 Regio
783 2472 975 2544 confirmare
990 2477 1209 2567 dignoremur.

82 2579 187 2649 crtus
205 2583 299 2650 tenor
313 2579 388 2646 telis
404 2587 480 2648 est:

193 2689 365 2759 Vniversir
381 2696 552 2775 presentes
561 2690 690 2758 litteras
701 2667 898 2776 inspecturis
914 2693 978 2760 stb.
993 2707 1213 2781 (novenaria

83 2795 198 2853 turooui
210 2794 342 2852 trouvent
355 2791 469 2850 letoni
482 2791 638 2866 onmtnye,
651 2795 724 2850 mint
735 2791 854 2853 fentebb
867 2795 912 2853 88.
925 2813 965 2854 su.
979 2796 1017 2868 s.)

192 2889 264 2958 Nos
279 2888 392 2972 itaque
407 2886 501 2956 iustis
525 2893 558 2954 et
573 2887 730 2974 legitimis
746 2889 966 2975 peticionibus
990 2889 1095 2979 ipsius
1116 2889 1210 2962 Omo

84 2995 151 3085 (icy
165 2997 318 3066 inclinati
334 2996 439 3084 Regio
455 3017 528 3064 cum
545 2996 670 3084 fenore,
685 2998 892 3083 seminisque
902 2998 1019 3086 ipsius,
1037 3021 1101 3086 que
1113 3000 1209 3070 nobis

85 3105 118 3171 in
134 3105 391 3193 expugnatione
407 3106 508 3172 nestri
524 3106 660 3192 Adryen
686 3123 758 3174 oum
782 3108 833 3174 sui
849 3107 1020 3194 sauguinis
1044 3107 1212 3192 effusione,

85 3211 236 3283 exhibuit
245 3259 253 3296 ‚
281 3213 510 3298 attendentes,
536 3213 644 3281 dictas
659 3213 787 3282 litteras
803 3213 1031 3301 priuilegiuIes
1048 3218 1213 3306 Prepesiti

85 3331 119 3392 ct
134 3325 329 3393 Gonueutus
345 3320 386 3389 de
396 3320 530 3389 Turuch
546 3341 645 3410 super
661 3321 821 3408 promisso
833 3325 1023 3394 concambio
1033 3324 1212 3410 coniectes,

85 3455 149 3501 non
166 3434 383 3516 cancellatas,
401 3451 466 3498 non
484 3431 634 3516 ebrosus,
651 3439 741 3498 retes
758 3429 921 3500 hebentes
938 3442 971 3501 et
985 3440 1153 3520 acceptes,
1170 3435 1212 3504 de

87 3543 189 3612 uerbo
206 3544 253 3610 ud
269 3542 402 3611 uerbum
416 3539 626 3627 presentibus
643 3539 743 3606 inseri
762 3539 933 3626 facientes,
943 3545 1111 3612 actoritate
1125 3541 1212 3632 (tgy)

88 3654 297 3739 presencium
323 3651 475 3719 dommus
501 3647 753 3718 confirmandas.
777 3652 816 3717 In
833 3650 923 3720 ouius
948 3671 1008 3740 roy
1023 3653 1214 3722 memoriam

88 3767 347 3850 perpetuamque
364 3758 560 3844 firmitatem,
583 3763 753 3846 presentes
775 3758 996 3826 concessimus
1013 3760 1139 3830 littores
1156 3761 1213 3829 du-

88 3872 185 3958 plicis
200 3869 301 3955 sigilli
316 3869 421 3938 nostri
430 3869 607 3938 munimine
622 3871 803 3938 roboratas.
822 3867 943 3934 Datum
958 3886 1142 3953 permanes
1158 3890 1211 3938 ve·

89 3979 247 4048 ncrubilie
263 3977 368 4067 petris
384 3978 445 4046 Th.
462 3978 525 4046 Dei
541 3978 655 4064 grecia
670 3975 828 4062 Episcopi
843 3975 1038 4066 heriensis,
1065 3977 1142 4046 aule
1156 3997 1212 4043 uo·

89 4095 154 4157 stre
179 4085 476 4173 Vico-Guncellarij
503 4085 616 4154 dilecti
641 4090 675 4152 et
695 4082 805 4152 fidelis
831 4085 945 4169 nostri,
969 4104 1058 4155 enno
1081 4086 1213 4154 Domini

90 4195 139 4263 Μ’
153 4193 229 4265 00⁰
242 4193 454 4279 nonogesimo
470 4200 585 4277 sexto,
609 4193 714 4288 primo
738 4191 829 4261 Ydue
844 4193 922 4280 Julij
934 4243 943 4278 ,
970 4193 1078 4282 Regni
1102 4199 1212 4262 nutem

90 4305 193 4376 nostri
208 4323 297 4372 enno
313 4307 417 4371 sexto.

196 4449 307 4518 Jepput.
331 4444 467 4502 iiredetic
480 4442 639 4517 btirhirtyo
652 4461 670 4502 s
681 4441 944 4502 Huni-Piemttntol
958 4443 1071 4501 eredett
1083 4442 1213 4516 Kubinyi

93 4532 479 4608 remutetgtevetttrtben.
497 4518 581 4607 My.

983 4715 1053 4788 10·
