<?xml version="1.0" encoding="UTF-8"?>
<!DOCTYPE html PUBLIC "-//W3C//DTD XHTML 1.0 Transitional//EN"
    "http://www.w3.org/TR/xhtml1/DTD/xhtml1-transitional.dtd">
<html xmlns="http://www.w3.org/1999/xhtml" xml:lang="en" lang="en">
 <head>
  <title>
</title>
<meta http-equiv="Content-Type" content="text/html;charset=utf-8" />
  <meta name='ocr-system' content='tesseract 3.04.00' />
  <meta name='ocr-capabilities' content='ocr_page ocr_carea ocr_par ocr_line ocrx_word'/>
</head>
<body>
  <div class='ocr_page' id='page_1' title='image "./codexdiplomatic16wenzgoog_0064.png"; bbox 0 0 3144 5180; ppageno 0'>
   <div class='ocr_carea' id='block_1_1' title="bbox 566 309 716 416">
    <p class='ocr_par' dir='ltr' id='par_1_1' title="bbox 566 309 716 416">
     <span class='ocr_line' id='line_1_1' title="bbox 566 309 716 416; baseline -0.013 0"><span class='ocrx_word' id='word_1_1' title='bbox 566 309 716 416; x_wconf 43' lang='lat'><strong>3¹„</strong></span> 
     </span>
    </p>
   </div>
   <div class='ocr_carea' id='block_1_2' title="bbox 76 519 1215 4721">
    <p class='ocr_par' dir='ltr' id='par_1_2' title="bbox 76 519 1215 4721">
     <span class='ocr_line' id='line_1_2' title="bbox 78 519 1202 612; baseline -0.006 -19"><span class='ocrx_word' id='word_1_2' title='bbox 78 523 151 594; x_wconf 88' lang='lat' dir='ltr'><strong>suis</strong></span> <span class='ocrx_word' id='word_1_3' title='bbox 178 531 336 612; x_wconf 72' lang='lat' dir='ltr'><strong>perpetuo</strong></span> <span class='ocrx_word' id='word_1_4' title='bbox 353 525 554 611; x_wconf 85' lang='lat' dir='ltr'><strong>possidendo</strong></span> <span class='ocrx_word' id='word_1_5' title='bbox 577 530 773 594; x_wconf 75' lang='lat' dir='ltr'><strong>statuantur.</strong></span> <span class='ocrx_word' id='word_1_6' title='bbox 798 523 862 602; x_wconf 81' lang='lat' dir='ltr'><strong>Qui</strong></span> <span class='ocrx_word' id='word_1_7' title='bbox 886 521 1016 608; x_wconf 87' lang='lat' dir='ltr'><strong>quidem</strong></span> <span class='ocrx_word' id='word_1_8' title='bbox 1045 519 1202 611; x_wconf 82' lang='lat' dir='ltr'><strong>magister</strong></span> 
     </span>
     <span class='ocr_line' id='line_1_3' title="bbox 77 631 1201 720; baseline -0.002 -22"><span class='ocrx_word' id='word_1_9' title='bbox 77 633 220 701; x_wconf 75' lang='lat' dir='ltr'><strong>Alesios</strong></span> <span class='ocrx_word' id='word_1_10' title='bbox 237 643 271 700; x_wconf 91' lang='lat' dir='ltr'><strong>et</strong></span> <span class='ocrx_word' id='word_1_11' title='bbox 288 633 405 704; x_wconf 81' lang='lat' dir='ltr'><strong>Comes</strong></span> <span class='ocrx_word' id='word_1_12' title='bbox 420 633 591 720; x_wconf 81' lang='lat' dir='ltr'><strong>Philippus</strong></span> <span class='ocrx_word' id='word_1_13' title='bbox 616 632 826 718; x_wconf 78' lang='lat' dir='ltr'><strong>presentibus</strong></span> <span class='ocrx_word' id='word_1_14' title='bbox 844 638 877 700; x_wconf 88' lang='lat' dir='ltr'><strong>et</strong></span> <span class='ocrx_word' id='word_1_15' title='bbox 893 631 1080 700; x_wconf 87' lang='lat' dir='ltr'><strong>conuocatis</strong></span> <span class='ocrx_word' id='word_1_16' title='bbox 1097 632 1201 697; x_wconf 91' lang='lat' dir='ltr'><strong>omni-</strong></span> 
     </span>
     <span class='ocr_line' id='line_1_4' title="bbox 77 735 1201 826; baseline -0.005 -18"><span class='ocrx_word' id='word_1_17' title='bbox 77 743 143 808; x_wconf 91' lang='lat' dir='ltr'><strong>bus</strong></span> <span class='ocrx_word' id='word_1_18' title='bbox 160 742 399 810; x_wconf 87' lang='lat' dir='ltr'><strong>oommetaneis</strong></span> <span class='ocrx_word' id='word_1_19' title='bbox 415 748 448 806; x_wconf 89' lang='lat' dir='ltr'><strong>et</strong></span> <span class='ocrx_word' id='word_1_20' title='bbox 464 741 591 825; x_wconf 83' lang='lat' dir='ltr'><strong>uicinis,</strong></span> <span class='ocrx_word' id='word_1_21' title='bbox 609 751 641 808; x_wconf 91' lang='lat' dir='ltr'><strong>et</strong></span> <span class='ocrx_word' id='word_1_22' title='bbox 657 741 849 826; x_wconf 88' lang='lat' dir='ltr'><strong>specialiter</strong></span> <span class='ocrx_word' id='word_1_23' title='bbox 865 739 1027 823; x_wconf 77' lang='lat' dir='ltr'><strong>Samuele,</strong></span> <span class='ocrx_word' id='word_1_24' title='bbox 1045 735 1201 806; x_wconf 86' lang='lat' dir='ltr'><strong>Prenehel</strong></span> 
     </span>
     <span class='ocr_line' id='line_1_5' title="bbox 78 847 1203 936; baseline -0.004 -20"><span class='ocrx_word' id='word_1_25' title='bbox 78 859 114 918; x_wconf 90' lang='lat' dir='ltr'><strong>et</strong></span> <span class='ocrx_word' id='word_1_26' title='bbox 130 849 295 918; x_wconf 83' lang='lat' dir='ltr'><strong>Michaele</strong></span> <span class='ocrx_word' id='word_1_27' title='bbox 313 849 391 918; x_wconf 83' lang='lat' dir='ltr'><strong>filiis</strong></span> <span class='ocrx_word' id='word_1_28' title='bbox 407 851 510 936; x_wconf 81' lang='lat' dir='ltr'><strong>Sauli,</strong></span> <span class='ocrx_word' id='word_1_29' title='bbox 529 857 561 916; x_wconf 94' lang='lat' dir='ltr'><strong>et</strong></span> <span class='ocrx_word' id='word_1_30' title='bbox 577 849 761 936; x_wconf 86' lang='lat' dir='ltr'><strong>hospitibus</strong></span> <span class='ocrx_word' id='word_1_31' title='bbox 782 849 824 916; x_wconf 89' lang='lat' dir='ltr'><strong>de</strong></span> <span class='ocrx_word' id='word_1_32' title='bbox 839 847 1128 930; x_wconf 84' lang='lat' dir='ltr'><strong>Beatercbcbana,</strong></span> <span class='ocrx_word' id='word_1_33' title='bbox 1145 867 1203 932; x_wconf 92' lang='lat' dir='ltr'><strong>po·</strong></span> 
     </span>
     <span class='ocr_line' id='line_1_6' title="bbox 76 956 1200 1044; baseline -0.004 -19"><span class='ocrx_word' id='word_1_34' title='bbox 76 957 169 1044; x_wconf 90' lang='lat' dir='ltr'><strong>pulis</strong></span> <span class='ocrx_word' id='word_1_35' title='bbox 186 959 307 1027; x_wconf 87' lang='lat' dir='ltr'><strong>nostris</strong></span> <span class='ocrx_word' id='word_1_36' title='bbox 324 957 366 1026; x_wconf 92' lang='lat' dir='ltr'><strong>de</strong></span> <span class='ocrx_word' id='word_1_37' title='bbox 383 959 587 1044; x_wconf 84' lang='lat' dir='ltr'><strong>Keremcboy</strong></span> <span class='ocrx_word' id='word_1_38' title='bbox 613 964 645 1026; x_wconf 91' lang='lat' dir='ltr'><strong>et</strong></span> <span class='ocrx_word' id='word_1_39' title='bbox 662 957 783 1044; x_wconf 75' lang='lat' dir='ltr'><strong>ceges,</strong></span> <span class='ocrx_word' id='word_1_40' title='bbox 800 957 890 1026; x_wconf 91' lang='lat' dir='ltr'><strong>nullo</strong></span> <span class='ocrx_word' id='word_1_41' title='bbox 914 956 1045 1042; x_wconf 90' lang='lat' dir='ltr'><strong>penitus</strong></span> <span class='ocrx_word' id='word_1_42' title='bbox 1070 960 1200 1022; x_wconf 87' lang='lat' dir='ltr'><strong>eontra-</strong></span> 
     </span>
     <span class='ocr_line' id='line_1_7' title="bbox 77 1062 1203 1152; baseline -0.004 -20"><span class='ocrx_word' id='word_1_43' title='bbox 77 1066 209 1133; x_wconf 89' lang='lat' dir='ltr'><strong>dictore</strong></span> <span class='ocrx_word' id='word_1_44' title='bbox 226 1068 388 1134; x_wconf 79' lang='lat' dir='ltr'><strong>existente</strong></span> <span class='ocrx_word' id='word_1_45' title='bbox 413 1067 477 1152; x_wconf 91' lang='lat' dir='ltr'><strong>ipsi</strong></span> <span class='ocrx_word' id='word_1_46' title='bbox 494 1064 613 1134; x_wconf 80' lang='lat' dir='ltr'><strong>comiti</strong></span> <span class='ocrx_word' id='word_1_47' title='bbox 631 1065 781 1134; x_wconf 91' lang='lat' dir='ltr'><strong>Dionisio</strong></span> <span class='ocrx_word' id='word_1_48' title='bbox 807 1072 840 1134; x_wconf 90' lang='lat' dir='ltr'><strong>et</strong></span> <span class='ocrx_word' id='word_1_49' title='bbox 865 1064 1022 1152; x_wconf 80' lang='lat' dir='ltr'><strong>protectis</strong></span> <span class='ocrx_word' id='word_1_50' title='bbox 1039 1062 1118 1130; x_wconf 87' lang='lat' dir='ltr'><strong>tiliis</strong></span> <span class='ocrx_word' id='word_1_51' title='bbox 1135 1063 1203 1130; x_wconf 91' lang='lat' dir='ltr'><strong>suis</strong></span> 
     </span>
     <span class='ocr_line' id='line_1_8' title="bbox 78 1170 1200 1260; baseline -0.001 -22"><span class='ocrx_word' id='word_1_52' title='bbox 78 1173 254 1242; x_wconf 84' lang='lat' dir='ltr'><strong>statuisset</strong></span> <span class='ocrx_word' id='word_1_53' title='bbox 270 1173 435 1241; x_wconf 90' lang='lat' dir='ltr'><strong>distinctis</strong></span> <span class='ocrx_word' id='word_1_54' title='bbox 451 1177 548 1242; x_wconf 87' lang='lat' dir='ltr'><strong>metis</strong></span> <span class='ocrx_word' id='word_1_55' title='bbox 565 1174 625 1240; x_wconf 90' lang='lat' dir='ltr'><strong>tali</strong></span> <span class='ocrx_word' id='word_1_56' title='bbox 642 1173 758 1242; x_wconf 90' lang='lat' dir='ltr'><strong>modo:</strong></span> <span class='ocrx_word' id='word_1_57' title='bbox 776 1173 869 1254; x_wconf 80' lang='lat' dir='ltr'><strong>Quod</strong></span> <span class='ocrx_word' id='word_1_58' title='bbox 886 1170 1072 1260; x_wconf 91' lang='lat' dir='ltr'><strong>incipiendo</strong></span> <span class='ocrx_word' id='word_1_59' title='bbox 1088 1191 1110 1238; x_wconf 90' lang='lat' dir='ltr'><strong>a</strong></span> <span class='ocrx_word' id='word_1_60' title='bbox 1127 1191 1200 1255; x_wconf 86' lang='lat' dir='ltr'><strong>quo·</strong></span> 
     </span>
     <span class='ocr_line' id='line_1_9' title="bbox 80 1277 1204 1369; baseline 0 -23"><span class='ocrx_word' id='word_1_61' title='bbox 80 1281 297 1369; x_wconf 78' lang='lat' dir='ltr'><strong>dampnoso,</strong></span> <span class='ocrx_word' id='word_1_62' title='bbox 324 1284 379 1366; x_wconf 90' lang='lat' dir='ltr'><strong>qui</strong></span> <span class='ocrx_word' id='word_1_63' title='bbox 396 1291 448 1350; x_wconf 94' lang='lat' dir='ltr'><strong>est</strong></span> <span class='ocrx_word' id='word_1_64' title='bbox 464 1284 524 1350; x_wconf 93' lang='lat' dir='ltr'><strong>sub</strong></span> <span class='ocrx_word' id='word_1_65' title='bbox 549 1283 635 1368; x_wconf 87' lang='lat' dir='ltr'><strong>alpe,</strong></span> <span class='ocrx_word' id='word_1_66' title='bbox 651 1303 708 1369; x_wconf 89' lang='lat' dir='ltr'><strong>per</strong></span> <span class='ocrx_word' id='word_1_67' title='bbox 728 1302 826 1367; x_wconf 91' lang='lat' dir='ltr'><strong>quam</strong></span> <span class='ocrx_word' id='word_1_68' title='bbox 842 1282 999 1350; x_wconf 88' lang='lat' dir='ltr'><strong>transitur</strong></span> <span class='ocrx_word' id='word_1_69' title='bbox 1022 1281 1057 1348; x_wconf 92' lang='lat' dir='ltr'><strong>in</strong></span> <span class='ocrx_word' id='word_1_70' title='bbox 1074 1277 1204 1346; x_wconf 86' lang='lat' dir='ltr'><strong>Turueh</strong></span> 
     </span>
     <span class='ocr_line' id='line_1_10' title="bbox 76 1390 1202 1478; baseline -0.002 -22"><span class='ocrx_word' id='word_1_71' title='bbox 76 1395 175 1473; x_wconf 88' lang='lat' dir='ltr'><strong>juxta</strong></span> <span class='ocrx_word' id='word_1_72' title='bbox 192 1411 346 1478; x_wconf 82' lang='lat' dir='ltr'><strong>magnam</strong></span> <span class='ocrx_word' id='word_1_73' title='bbox 362 1392 459 1474; x_wconf 90' lang='lat' dir='ltr'><strong>viam,</strong></span> <span class='ocrx_word' id='word_1_74' title='bbox 477 1400 511 1458; x_wconf 90' lang='lat' dir='ltr'><strong>ut</strong></span> <span class='ocrx_word' id='word_1_75' title='bbox 528 1393 560 1458; x_wconf 92' lang='lat' dir='ltr'><strong>in</strong></span> <span class='ocrx_word' id='word_1_76' title='bbox 578 1391 696 1458; x_wconf 93' lang='lat' dir='ltr'><strong>eadem</strong></span> <span class='ocrx_word' id='word_1_77' title='bbox 712 1395 767 1460; x_wconf 83' lang='lat' dir='ltr'><strong>ria</strong></span> <span class='ocrx_word' id='word_1_78' title='bbox 784 1391 893 1460; x_wconf 88' lang='lat' dir='ltr'><strong>eundo</strong></span> <span class='ocrx_word' id='word_1_79' title='bbox 911 1391 1003 1458; x_wconf 87' lang='lat' dir='ltr'><strong>cadit</strong></span> <span class='ocrx_word' id='word_1_80' title='bbox 1018 1391 1052 1457; x_wconf 94' lang='lat' dir='ltr'><strong>in</strong></span> <span class='ocrx_word' id='word_1_81' title='bbox 1067 1390 1202 1458; x_wconf 90' lang='lat' dir='ltr'><strong>fluuium</strong></span> 
     </span>
     <span class='ocr_line' id='line_1_11' title="bbox 83 1499 1205 1586; baseline -0.003 -19"><span class='ocrx_word' id='word_1_82' title='bbox 83 1499 317 1586; x_wconf 74' lang='lat' dir='ltr'><strong>Cheunich053</strong></span> <span class='ocrx_word' id='word_1_83' title='bbox 338 1501 371 1566; x_wconf 93' lang='lat' dir='ltr'><strong>in</strong></span> <span class='ocrx_word' id='word_1_84' title='bbox 384 1501 564 1584; x_wconf 88' lang='lat' dir='ltr'><strong>eodemque</strong></span> <span class='ocrx_word' id='word_1_85' title='bbox 574 1499 672 1568; x_wconf 91' lang='lat' dir='ltr'><strong>fluuio</strong></span> <span class='ocrx_word' id='word_1_86' title='bbox 682 1501 916 1570; x_wconf 88' lang='lat' dir='ltr'><strong>descendendo</strong></span> <span class='ocrx_word' id='word_1_87' title='bbox 933 1499 1070 1567; x_wconf 84' lang='lat' dir='ltr'><strong>interius</strong></span> <span class='ocrx_word' id='word_1_88' title='bbox 1086 1500 1205 1567; x_wconf 80' lang='lat' dir='ltr'><strong>abhinc</strong></span> 
     </span>
     <span class='ocr_line' id='line_1_12' title="bbox 82 1608 1205 1693; baseline -0.003 -18"><span class='ocrx_word' id='word_1_89' title='bbox 82 1609 178 1675; x_wconf 84' lang='lat' dir='ltr'><strong>venit</strong></span> <span class='ocrx_word' id='word_1_90' title='bbox 193 1608 236 1675; x_wconf 90' lang='lat' dir='ltr'><strong>ad</strong></span> <span class='ocrx_word' id='word_1_91' title='bbox 252 1627 405 1692; x_wconf 83' lang='lat' dir='ltr'><strong>maguum</strong></span> <span class='ocrx_word' id='word_1_92' title='bbox 431 1609 518 1676; x_wconf 87' lang='lat' dir='ltr'><strong>viam</strong></span> <span class='ocrx_word' id='word_1_93' title='bbox 543 1610 694 1676; x_wconf 90' lang='lat' dir='ltr'><strong>similiter</strong></span> <span class='ocrx_word' id='word_1_94' title='bbox 712 1611 754 1680; x_wconf 93' lang='lat' dir='ltr'><strong>de</strong></span> <span class='ocrx_word' id='word_1_95' title='bbox 769 1608 917 1692; x_wconf 78' lang='lat' dir='ltr'><strong>Turuclr,</strong></span> <span class='ocrx_word' id='word_1_96' title='bbox 943 1628 1006 1693; x_wconf 91' lang='lat' dir='ltr'><strong>quc</strong></span> <span class='ocrx_word' id='word_1_97' title='bbox 1033 1614 1205 1693; x_wconf 88' lang='lat' dir='ltr'><strong>separata</strong></span> 
     </span>
     <span class='ocr_line' id='line_1_13' title="bbox 85 1715 1207 1802; baseline 0.001 -22"><span class='ocrx_word' id='word_1_98' title='bbox 85 1715 187 1782; x_wconf 88' lang='lat' dir='ltr'><strong>metis</strong></span> <span class='ocrx_word' id='word_1_99' title='bbox 205 1715 348 1782; x_wconf 88' lang='lat' dir='ltr'><strong>ciuitatis</strong></span> <span class='ocrx_word' id='word_1_100' title='bbox 374 1716 415 1782; x_wconf 87' lang='lat' dir='ltr'><strong>de</strong></span> <span class='ocrx_word' id='word_1_101' title='bbox 431 1717 718 1798; x_wconf 86' lang='lat' dir='ltr'><strong>Bezterchebana,</strong></span> <span class='ocrx_word' id='word_1_102' title='bbox 744 1726 778 1785; x_wconf 90' lang='lat' dir='ltr'><strong>et</strong></span> <span class='ocrx_word' id='word_1_103' title='bbox 794 1717 900 1784; x_wconf 92' lang='lat' dir='ltr'><strong>eundo</strong></span> <span class='ocrx_word' id='word_1_104' title='bbox 927 1718 960 1783; x_wconf 92' lang='lat' dir='ltr'><strong>in</strong></span> <span class='ocrx_word' id='word_1_105' title='bbox 986 1717 1060 1802; x_wconf 88' lang='lat' dir='ltr'><strong>ipsa</strong></span> <span class='ocrx_word' id='word_1_106' title='bbox 1085 1733 1207 1798; x_wconf 76' lang='lat' dir='ltr'><strong>magna</strong></span> 
     </span>
     <span class='ocr_line' id='line_1_14' title="bbox 82 1822 1207 1914; baseline 0 -24"><span class='ocrx_word' id='word_1_107' title='bbox 82 1825 140 1890; x_wconf 84' lang='lat' dir='ltr'><strong>via</strong></span> <span class='ocrx_word' id='word_1_108' title='bbox 158 1823 247 1891; x_wconf 86' lang='lat' dir='ltr'><strong>cadit</strong></span> <span class='ocrx_word' id='word_1_109' title='bbox 272 1823 304 1888; x_wconf 93' lang='lat' dir='ltr'><strong>in</strong></span> <span class='ocrx_word' id='word_1_110' title='bbox 329 1825 468 1890; x_wconf 86' lang='lat' dir='ltr'><strong>riuulum</strong></span> <span class='ocrx_word' id='word_1_111' title='bbox 485 1822 646 1914; x_wconf 89' lang='lat' dir='ltr'><strong>Udurnya</strong></span> <span class='ocrx_word' id='word_1_112' title='bbox 671 1845 784 1893; x_wconf 86' lang='lat' dir='ltr'><strong>versus</strong></span> <span class='ocrx_word' id='word_1_113' title='bbox 811 1827 932 1911; x_wconf 77' lang='lat' dir='ltr'><strong>Soron,</strong></span> <span class='ocrx_word' id='word_1_114' title='bbox 956 1831 989 1890; x_wconf 91' lang='lat' dir='ltr'><strong>et</strong></span> <span class='ocrx_word' id='word_1_115' title='bbox 1014 1825 1062 1890; x_wconf 91' lang='lat' dir='ltr'><strong>sic</strong></span> <span class='ocrx_word' id='word_1_116' title='bbox 1087 1827 1207 1890; x_wconf 88' lang='lat' dir='ltr'><strong>transit</strong></span> 
     </span>
     <span class='ocr_line' id='line_1_15' title="bbox 84 1931 1207 2020; baseline -0.004 -19"><span class='ocrx_word' id='word_1_117' title='bbox 84 1933 199 2000; x_wconf 78' lang='lat' dir='ltr'><strong>(loton</strong></span> <span class='ocrx_word' id='word_1_118' title='bbox 227 1931 351 1998; x_wconf 87' lang='lat' dir='ltr'><strong>directe</strong></span> <span class='ocrx_word' id='word_1_119' title='bbox 376 1931 526 2000; x_wconf 89' lang='lat' dir='ltr'><strong>ascendit</strong></span> <span class='ocrx_word' id='word_1_120' title='bbox 553 1935 627 2018; x_wconf 91' lang='lat' dir='ltr'><strong>ipsa</strong></span> <span class='ocrx_word' id='word_1_121' title='bbox 653 1941 742 1998; x_wconf 89' lang='lat' dir='ltr'><strong>meta</strong></span> <span class='ocrx_word' id='word_1_122' title='bbox 766 1932 809 1998; x_wconf 91' lang='lat' dir='ltr'><strong>ad</strong></span> <span class='ocrx_word' id='word_1_123' title='bbox 838 1941 981 2000; x_wconf 91' lang='lat' dir='ltr'><strong>montem</strong></span> <span class='ocrx_word' id='word_1_124' title='bbox 1007 1933 1122 2020; x_wconf 83' lang='lat' dir='ltr'><strong>Urpyn</strong></span> <span class='ocrx_word' id='word_1_125' title='bbox 1147 1951 1207 2016; x_wconf 88' lang='lat' dir='ltr'><strong>per</strong></span> 
     </span>
     <span class='ocr_line' id='line_1_16' title="bbox 83 2039 1204 2127; baseline -0.002 -21"><span class='ocrx_word' id='word_1_126' title='bbox 83 2039 262 2124; x_wconf 89' lang='lat' dir='ltr'><strong>quemdam</strong></span> <span class='ocrx_word' id='word_1_127' title='bbox 289 2041 442 2108; x_wconf 85' lang='lat' dir='ltr'><strong>verticem</strong></span> <span class='ocrx_word' id='word_1_128' title='bbox 460 2041 643 2127; x_wconf 87' lang='lat' dir='ltr'><strong>lapideum,</strong></span> <span class='ocrx_word' id='word_1_129' title='bbox 671 2051 702 2108; x_wconf 89' lang='lat' dir='ltr'><strong>et</strong></span> <span class='ocrx_word' id='word_1_130' title='bbox 718 2043 766 2110; x_wconf 91' lang='lat' dir='ltr'><strong>sio</strong></span> <span class='ocrx_word' id='word_1_131' title='bbox 783 2043 949 2109; x_wconf 86' lang='lat' dir='ltr'><strong>transiens</strong></span> <span class='ocrx_word' id='word_1_132' title='bbox 976 2041 1068 2107; x_wconf 91' lang='lat' dir='ltr'><strong>vadit</strong></span> <span class='ocrx_word' id='word_1_133' title='bbox 1084 2045 1116 2106; x_wconf 92' lang='lat' dir='ltr'><strong>in</strong></span> <span class='ocrx_word' id='word_1_134' title='bbox 1134 2059 1204 2106; x_wconf 87' lang='lat' dir='ltr'><strong>ver-</strong></span> 
     </span>
     <span class='ocr_line' id='line_1_17' title="bbox 83 2145 1207 2236; baseline 0 -22"><span class='ocrx_word' id='word_1_135' title='bbox 83 2151 152 2215; x_wconf 91' lang='lat' dir='ltr'><strong>tice</strong></span> <span class='ocrx_word' id='word_1_136' title='bbox 168 2148 287 2214; x_wconf 86' lang='lat' dir='ltr'><strong>montis</strong></span> <span class='ocrx_word' id='word_1_137' title='bbox 306 2145 421 2236; x_wconf 75' lang='lat' dir='ltr'><strong>Urpyn</strong></span> <span class='ocrx_word' id='word_1_138' title='bbox 440 2149 530 2216; x_wconf 86' lang='lat' dir='ltr'><strong>eirca</strong></span> <span class='ocrx_word' id='word_1_139' title='bbox 545 2169 644 2216; x_wconf 89' lang='lat' dir='ltr'><strong>vnum</strong></span> <span class='ocrx_word' id='word_1_140' title='bbox 661 2157 800 2236; x_wconf 83' lang='lat' dir='ltr'><strong>pratum,</strong></span> <span class='ocrx_word' id='word_1_141' title='bbox 825 2150 913 2232; x_wconf 88' lang='lat' dir='ltr'><strong>quod</strong></span> <span class='ocrx_word' id='word_1_142' title='bbox 929 2149 1070 2234; x_wconf 85' lang='lat' dir='ltr'><strong>pertinet</strong></span> <span class='ocrx_word' id='word_1_143' title='bbox 1086 2149 1130 2216; x_wconf 88' lang='lat' dir='ltr'><strong>ad</strong></span> <span class='ocrx_word' id='word_1_144' title='bbox 1144 2156 1207 2214; x_wconf 90' lang='lat' dir='ltr'><strong>ter·</strong></span> 
     </span>
     <span class='ocr_line' id='line_1_18' title="bbox 85 2255 1208 2347; baseline 0.001 -26"><span class='ocrx_word' id='word_1_145' title='bbox 85 2278 160 2324; x_wconf 87' lang='lat' dir='ltr'><strong>rarn</strong></span> <span class='ocrx_word' id='word_1_146' title='bbox 177 2257 338 2324; x_wconf 84' lang='lat' dir='ltr'><strong>Radnana</strong></span> <span class='ocrx_word' id='word_1_147' title='bbox 355 2275 458 2340; x_wconf 89' lang='lat' dir='ltr'><strong>nsque</strong></span> <span class='ocrx_word' id='word_1_148' title='bbox 475 2258 516 2324; x_wconf 92' lang='lat' dir='ltr'><strong>ad</strong></span> <span class='ocrx_word' id='word_1_149' title='bbox 533 2258 628 2324; x_wconf 88' lang='lat' dir='ltr'><strong>finem</strong></span> <span class='ocrx_word' id='word_1_150' title='bbox 645 2259 749 2347; x_wconf 92' lang='lat' dir='ltr'><strong>ipsius</strong></span> <span class='ocrx_word' id='word_1_151' title='bbox 766 2259 906 2343; x_wconf 89' lang='lat' dir='ltr'><strong>montis;</strong></span> <span class='ocrx_word' id='word_1_152' title='bbox 926 2258 1047 2324; x_wconf 90' lang='lat' dir='ltr'><strong>deinde</strong></span> <span class='ocrx_word' id='word_1_153' title='bbox 1064 2255 1208 2324; x_wconf 86' lang='lat' dir='ltr'><strong>declinat</strong></span> 
     </span>
     <span class='ocr_line' id='line_1_19' title="bbox 85 2365 1209 2453; baseline 0.003 -24"><span class='ocrx_word' id='word_1_154' title='bbox 85 2385 201 2430; x_wconf 84' lang='lat' dir='ltr'><strong>versus</strong></span> <span class='ocrx_word' id='word_1_155' title='bbox 219 2371 346 2449; x_wconf 89' lang='lat' dir='ltr'><strong>partem</strong></span> <span class='ocrx_word' id='word_1_156' title='bbox 357 2365 509 2431; x_wconf 88' lang='lat' dir='ltr'><strong>dextram</strong></span> <span class='ocrx_word' id='word_1_157' title='bbox 523 2366 565 2430; x_wconf 90' lang='lat' dir='ltr'><strong>ad</strong></span> <span class='ocrx_word' id='word_1_158' title='bbox 583 2367 756 2450; x_wconf 89' lang='lat' dir='ltr'><strong>quemdam</strong></span> <span class='ocrx_word' id='word_1_159' title='bbox 768 2367 979 2434; x_wconf 89' lang='lat' dir='ltr'><strong>monticulum</strong></span> <span class='ocrx_word' id='word_1_160' title='bbox 998 2385 1209 2453; x_wconf 83' lang='lat' dir='ltr'><strong>communem,</strong></span> 
     </span>
     <span class='ocr_line' id='line_1_20' title="bbox 86 2472 1211 2559; baseline 0.001 -21"><span class='ocrx_word' id='word_1_161' title='bbox 86 2483 123 2538; x_wconf 90' lang='lat' dir='ltr'><strong>et</strong></span> <span class='ocrx_word' id='word_1_162' title='bbox 140 2475 186 2540; x_wconf 85' lang='lat' dir='ltr'><strong>ibt</strong></span> <span class='ocrx_word' id='word_1_163' title='bbox 204 2472 295 2539; x_wconf 89' lang='lat' dir='ltr'><strong>vadit</strong></span> <span class='ocrx_word' id='word_1_164' title='bbox 312 2473 344 2538; x_wconf 92' lang='lat' dir='ltr'><strong>in</strong></span> <span class='ocrx_word' id='word_1_165' title='bbox 371 2473 482 2557; x_wconf 86' lang='lat' dir='ltr'><strong>eapite</strong></span> <span class='ocrx_word' id='word_1_166' title='bbox 508 2475 705 2558; x_wconf 73' lang='lat' dir='ltr'><strong>siculorum,</strong></span> <span class='ocrx_word' id='word_1_167' title='bbox 731 2476 786 2557; x_wconf 90' lang='lat' dir='ltr'><strong>qui</strong></span> <span class='ocrx_word' id='word_1_168' title='bbox 803 2485 935 2542; x_wconf 90' lang='lat' dir='ltr'><strong>currunt</strong></span> <span class='ocrx_word' id='word_1_169' title='bbox 952 2475 993 2540; x_wconf 91' lang='lat' dir='ltr'><strong>de</strong></span> <span class='ocrx_word' id='word_1_170' title='bbox 1010 2473 1084 2559; x_wconf 91' lang='lat' dir='ltr'><strong>ipso</strong></span> <span class='ocrx_word' id='word_1_171' title='bbox 1099 2475 1211 2540; x_wconf 91' lang='lat' dir='ltr'><strong>monti-</strong></span> 
     </span>
     <span class='ocr_line' id='line_1_21' title="bbox 86 2581 1211 2670; baseline 0.004 -26"><span class='ocrx_word' id='word_1_172' title='bbox 86 2581 165 2647; x_wconf 81' lang='lat' dir='ltr'><strong>culo</strong></span> <span class='ocrx_word' id='word_1_173' title='bbox 184 2583 214 2646; x_wconf 92' lang='lat' dir='ltr'><strong>in</strong></span> <span class='ocrx_word' id='word_1_174' title='bbox 233 2581 364 2667; x_wconf 82' lang='lat' dir='ltr'><strong>Geron,</strong></span> <span class='ocrx_word' id='word_1_175' title='bbox 392 2588 426 2646; x_wconf 90' lang='lat' dir='ltr'><strong>et</strong></span> <span class='ocrx_word' id='word_1_176' title='bbox 441 2582 487 2647; x_wconf 91' lang='lat' dir='ltr'><strong>ibi</strong></span> <span class='ocrx_word' id='word_1_177' title='bbox 505 2581 597 2650; x_wconf 88' lang='lat' dir='ltr'><strong>vadit</strong></span> <span class='ocrx_word' id='word_1_178' title='bbox 613 2583 655 2649; x_wconf 91' lang='lat' dir='ltr'><strong>ad</strong></span> <span class='ocrx_word' id='word_1_179' title='bbox 674 2589 817 2650; x_wconf 88' lang='lat' dir='ltr'><strong>meatum</strong></span> <span class='ocrx_word' id='word_1_180' title='bbox 834 2581 1003 2670; x_wconf 84' lang='lat' dir='ltr'><strong>cujusdam</strong></span> <span class='ocrx_word' id='word_1_181' title='bbox 1020 2581 1117 2650; x_wconf 90' lang='lat' dir='ltr'><strong>rinnli</strong></span> <span class='ocrx_word' id='word_1_182' title='bbox 1127 2632 1135 2666; x_wconf 90' lang='lat'><strong>,</strong></span> <span class='ocrx_word' id='word_1_183' title='bbox 1153 2583 1211 2649; x_wconf 90' lang='lat' dir='ltr'><strong>ubi</strong></span> 
     </span>
     <span class='ocr_line' id='line_1_22' title="bbox 86 2686 1211 2778; baseline 0.004 -24"><span class='ocrx_word' id='word_1_184' title='bbox 86 2693 197 2756; x_wconf 89' lang='lat' dir='ltr'><strong>eciam</strong></span> <span class='ocrx_word' id='word_1_185' title='bbox 215 2688 377 2773; x_wconf 87' lang='lat' dir='ltr'><strong>particula</strong></span> <span class='ocrx_word' id='word_1_186' title='bbox 403 2687 503 2770; x_wconf 89' lang='lat' dir='ltr'><strong>silue,</strong></span> <span class='ocrx_word' id='word_1_187' title='bbox 530 2707 594 2772; x_wconf 87' lang='lat' dir='ltr'><strong>que</strong></span> <span class='ocrx_word' id='word_1_188' title='bbox 610 2686 800 2778; x_wconf 84' lang='lat' dir='ltr'><strong>Buykbylry</strong></span> <span class='ocrx_word' id='word_1_189' title='bbox 827 2697 980 2774; x_wconf 88' lang='lat' dir='ltr'><strong>vocatur,</strong></span> <span class='ocrx_word' id='word_1_190' title='bbox 1008 2689 1063 2772; x_wconf 89' lang='lat' dir='ltr'><strong>qui</strong></span> <span class='ocrx_word' id='word_1_191' title='bbox 1084 2695 1211 2758; x_wconf 90' lang='lat' dir='ltr'><strong>meatns</strong></span> 
     </span>
     <span class='ocr_line' id='line_1_23' title="bbox 85 2795 1210 2881; baseline -0.003 -17"><span class='ocrx_word' id='word_1_192' title='bbox 85 2795 188 2864; x_wconf 89' lang='lat' dir='ltr'><strong>riunli</strong></span> <span class='ocrx_word' id='word_1_193' title='bbox 205 2801 341 2880; x_wconf 87' lang='lat' dir='ltr'><strong>separat</strong></span> <span class='ocrx_word' id='word_1_194' title='bbox 357 2802 476 2862; x_wconf 90' lang='lat' dir='ltr'><strong>terram</strong></span> <span class='ocrx_word' id='word_1_195' title='bbox 504 2797 664 2863; x_wconf 87' lang='lat' dir='ltr'><strong>Radoana</strong></span> <span class='ocrx_word' id='word_1_196' title='bbox 688 2807 814 2864; x_wconf 85' lang='lat' dir='ltr'><strong>eterra</strong></span> <span class='ocrx_word' id='word_1_197' title='bbox 828 2797 969 2864; x_wconf 91' lang='lat' dir='ltr'><strong>filiorum</strong></span> <span class='ocrx_word' id='word_1_198' title='bbox 984 2797 1086 2881; x_wconf 85' lang='lat' dir='ltr'><strong>Sauli,</strong></span> <span class='ocrx_word' id='word_1_199' title='bbox 1112 2805 1145 2863; x_wconf 89' lang='lat' dir='ltr'><strong>et</strong></span> <span class='ocrx_word' id='word_1_200' title='bbox 1161 2796 1210 2866; x_wconf 89' lang='lat' dir='ltr'><strong>sic</strong></span> 
     </span>
     <span class='ocr_line' id='line_1_24' title="bbox 86 2903 1211 2992; baseline 0.002 -22"><span class='ocrx_word' id='word_1_201' title='bbox 86 2905 214 2989; x_wconf 88' lang='lat' dir='ltr'><strong>inipso</strong></span> <span class='ocrx_word' id='word_1_202' title='bbox 242 2905 347 2972; x_wconf 90' lang='lat' dir='ltr'><strong>riuulo</strong></span> <span class='ocrx_word' id='word_1_203' title='bbox 377 2903 470 2970; x_wconf 86' lang='lat' dir='ltr'><strong>vadit</strong></span> <span class='ocrx_word' id='word_1_204' title='bbox 496 2905 528 2970; x_wconf 88' lang='lat' dir='ltr'><strong>in</strong></span> <span class='ocrx_word' id='word_1_205' title='bbox 556 2905 684 2992; x_wconf 76' lang='lat' dir='ltr'><strong>(loron5</strong></span> <span class='ocrx_word' id='word_1_206' title='bbox 713 2925 894 2992; x_wconf 87' lang='lat' dir='ltr'><strong>parumque</strong></span> <span class='ocrx_word' id='word_1_207' title='bbox 921 2904 1155 2976; x_wconf 86' lang='lat' dir='ltr'><strong>descendendo</strong></span> <span class='ocrx_word' id='word_1_208' title='bbox 1178 2906 1211 2972; x_wconf 93' lang='lat' dir='ltr'><strong>in</strong></span> 
     </span>
     <span class='ocr_line' id='line_1_25' title="bbox 87 3010 1211 3102; baseline 0 -22"><span class='ocrx_word' id='word_1_209' title='bbox 87 3015 202 3082; x_wconf 80' lang='lat' dir='ltr'><strong>Goron</strong></span> <span class='ocrx_word' id='word_1_210' title='bbox 219 3015 286 3079; x_wconf 87' lang='lat' dir='ltr'><strong>exit</strong></span> <span class='ocrx_word' id='word_1_211' title='bbox 301 3013 336 3078; x_wconf 93' lang='lat' dir='ltr'><strong>in</strong></span> <span class='ocrx_word' id='word_1_212' title='bbox 353 3010 528 3098; x_wconf 91' lang='lat' dir='ltr'><strong>quemdam</strong></span> <span class='ocrx_word' id='word_1_213' title='bbox 543 3011 675 3080; x_wconf 91' lang='lat' dir='ltr'><strong>fluuium</strong></span> <span class='ocrx_word' id='word_1_214' title='bbox 699 3015 940 3099; x_wconf 84' lang='lat' dir='ltr'><strong>Kalnulrpotok</strong></span> <span class='ocrx_word' id='word_1_215' title='bbox 957 3021 1110 3084; x_wconf 86' lang='lat' dir='ltr'><strong>vocatum</strong></span> <span class='ocrx_word' id='word_1_216' title='bbox 1120 3067 1129 3102; x_wconf 91' lang='lat'><strong>,</strong></span> <span class='ocrx_word' id='word_1_217' title='bbox 1156 3015 1211 3100; x_wconf 85' lang='lat' dir='ltr'><strong>qni</strong></span> 
     </span>
     <span class='ocr_line' id='line_1_26' title="bbox 86 3119 1210 3210; baseline 0.001 -24"><span class='ocrx_word' id='word_1_218' title='bbox 86 3119 160 3188; x_wconf 91' lang='lat' dir='ltr'><strong>fluit</strong></span> <span class='ocrx_word' id='word_1_219' title='bbox 176 3124 210 3189; x_wconf 92' lang='lat' dir='ltr'><strong>in</strong></span> <span class='ocrx_word' id='word_1_220' title='bbox 227 3121 338 3189; x_wconf 81' lang='lat' dir='ltr'><strong>Goron</strong></span> <span class='ocrx_word' id='word_1_221' title='bbox 354 3141 376 3188; x_wconf 93' lang='lat' dir='ltr'><strong>a</strong></span> <span class='ocrx_word' id='word_1_222' title='bbox 391 3129 486 3210; x_wconf 88' lang='lat' dir='ltr'><strong>parte</strong></span> <span class='ocrx_word' id='word_1_223' title='bbox 503 3123 774 3208; x_wconf 88' lang='lat' dir='ltr'><strong>septemtrionali,</strong></span> <span class='ocrx_word' id='word_1_224' title='bbox 796 3130 829 3189; x_wconf 88' lang='lat' dir='ltr'><strong>et</strong></span> <span class='ocrx_word' id='word_1_225' title='bbox 845 3123 893 3190; x_wconf 87' lang='lat' dir='ltr'><strong>sie</strong></span> <span class='ocrx_word' id='word_1_226' title='bbox 918 3125 1102 3192; x_wconf 90' lang='lat' dir='ltr'><strong>asoendeus</strong></span> <span class='ocrx_word' id='word_1_227' title='bbox 1118 3122 1210 3190; x_wconf 88' lang='lat' dir='ltr'><strong>vadit</strong></span> 
     </span>
     <span class='ocr_line' id='line_1_27' title="bbox 89 3225 1209 3315; baseline -0.004 -18"><span class='ocrx_word' id='word_1_228' title='bbox 89 3247 196 3313; x_wconf 82' lang='lat' dir='ltr'><strong>usque</strong></span> <span class='ocrx_word' id='word_1_229' title='bbox 214 3227 260 3294; x_wconf 88' lang='lat' dir='ltr'><strong>ad</strong></span> <span class='ocrx_word' id='word_1_230' title='bbox 276 3233 375 3313; x_wconf 88' lang='lat' dir='ltr'><strong>eaput</strong></span> <span class='ocrx_word' id='word_1_231' title='bbox 390 3227 493 3313; x_wconf 92' lang='lat' dir='ltr'><strong>ipsius</strong></span> <span class='ocrx_word' id='word_1_232' title='bbox 508 3225 608 3315; x_wconf 87' lang='lat' dir='ltr'><strong>fluuii,</strong></span> <span class='ocrx_word' id='word_1_233' title='bbox 626 3227 681 3294; x_wconf 89' lang='lat' dir='ltr'><strong>vbi</strong></span> <span class='ocrx_word' id='word_1_234' title='bbox 698 3228 802 3294; x_wconf 87' lang='lat' dir='ltr'><strong>eciam</strong></span> <span class='ocrx_word' id='word_1_235' title='bbox 816 3237 867 3296; x_wconf 92' lang='lat' dir='ltr'><strong>est</strong></span> <span class='ocrx_word' id='word_1_236' title='bbox 883 3247 1084 3315; x_wconf 70' lang='lat' dir='ltr'><strong>submagna</strong></span> <span class='ocrx_word' id='word_1_237' title='bbox 1099 3229 1209 3312; x_wconf 90' lang='lat' dir='ltr'><strong>arbor,</strong></span> 
     </span>
     <span class='ocr_line' id='line_1_28' title="bbox 90 3333 1209 3423; baseline -0.003 -19"><span class='ocrx_word' id='word_1_238' title='bbox 90 3358 155 3423; x_wconf 89' lang='lat' dir='ltr'><strong>que</strong></span> <span class='ocrx_word' id='word_1_239' title='bbox 173 3335 353 3420; x_wconf 80' lang='lat' dir='ltr'><strong>vulgariter</strong></span> <span class='ocrx_word' id='word_1_240' title='bbox 368 3336 441 3420; x_wconf 76' lang='lat' dir='ltr'><strong>twlp</strong></span> <span class='ocrx_word' id='word_1_241' title='bbox 466 3333 581 3400; x_wconf 86' lang='lat' dir='ltr'><strong>dieitur</strong></span> <span class='ocrx_word' id='word_1_242' title='bbox 592 3387 600 3420; x_wconf 87' lang='lat'><strong>,</strong></span> <span class='ocrx_word' id='word_1_243' title='bbox 627 3355 690 3418; x_wconf 87' lang='lat' dir='ltr'><strong>que</strong></span> <span class='ocrx_word' id='word_1_244' title='bbox 714 3345 850 3421; x_wconf 86' lang='lat' dir='ltr'><strong>separat</strong></span> <span class='ocrx_word' id='word_1_245' title='bbox 874 3344 993 3402; x_wconf 87' lang='lat' dir='ltr'><strong>terram</strong></span> <span class='ocrx_word' id='word_1_246' title='bbox 1009 3337 1209 3404; x_wconf 89' lang='lat' dir='ltr'><strong>Radnanaa</strong></span> 
     </span>
     <span class='ocr_line' id='line_1_29' title="bbox 90 3445 1210 3532; baseline 0.001 -19"><span class='ocrx_word' id='word_1_247' title='bbox 90 3457 183 3514; x_wconf 90' lang='lat' dir='ltr'><strong>terra</strong></span> <span class='ocrx_word' id='word_1_248' title='bbox 200 3445 420 3532; x_wconf 76' lang='lat' dir='ltr'><strong>KeremolreJ;</strong></span> <span class='ocrx_word' id='word_1_249' title='bbox 445 3445 630 3529; x_wconf 86' lang='lat' dir='ltr'><strong>deindeque</strong></span> <span class='ocrx_word' id='word_1_250' title='bbox 650 3446 798 3512; x_wconf 89' lang='lat' dir='ltr'><strong>ascendit</strong></span> <span class='ocrx_word' id='word_1_251' title='bbox 816 3445 859 3512; x_wconf 89' lang='lat' dir='ltr'><strong>ad</strong></span> <span class='ocrx_word' id='word_1_252' title='bbox 884 3467 980 3514; x_wconf 76' lang='lat' dir='ltr'><strong>mam</strong></span> <span class='ocrx_word' id='word_1_253' title='bbox 1005 3449 1125 3514; x_wconf 91' lang='lat' dir='ltr'><strong>siluam</strong></span> <span class='ocrx_word' id='word_1_254' title='bbox 1143 3467 1210 3514; x_wconf 92' lang='lat' dir='ltr'><strong>ma·</strong></span> 
     </span>
     <span class='ocr_line' id='line_1_30' title="bbox 92 3547 1211 3640; baseline 0 -20"><span class='ocrx_word' id='word_1_255' title='bbox 92 3575 194 3640; x_wconf 83' lang='lat' dir='ltr'><strong>gnam</strong></span> <span class='ocrx_word' id='word_1_256' title='bbox 222 3551 277 3619; x_wconf 88' lang='lat' dir='ltr'><strong>vbi</strong></span> <span class='ocrx_word' id='word_1_257' title='bbox 303 3551 392 3619; x_wconf 92' lang='lat' dir='ltr'><strong>cadit</strong></span> <span class='ocrx_word' id='word_1_258' title='bbox 417 3551 451 3616; x_wconf 92' lang='lat' dir='ltr'><strong>in</strong></span> <span class='ocrx_word' id='word_1_259' title='bbox 475 3547 610 3617; x_wconf 90' lang='lat' dir='ltr'><strong>fluuium</strong></span> <span class='ocrx_word' id='word_1_260' title='bbox 634 3553 785 3638; x_wconf 87' lang='lat' dir='ltr'><strong>Malaho,</strong></span> <span class='ocrx_word' id='word_1_261' title='bbox 813 3559 847 3620; x_wconf 91' lang='lat' dir='ltr'><strong>et</strong></span> <span class='ocrx_word' id='word_1_262' title='bbox 872 3558 920 3620; x_wconf 91' lang='lat' dir='ltr'><strong>sio</strong></span> <span class='ocrx_word' id='word_1_263' title='bbox 943 3553 1092 3622; x_wconf 86' lang='lat' dir='ltr'><strong>ascendit</strong></span> <span class='ocrx_word' id='word_1_264' title='bbox 1107 3573 1211 3640; x_wconf 85' lang='lat' dir='ltr'><strong>usque</strong></span> 
     </span>
     <span class='ocr_line' id='line_1_31' title="bbox 91 3657 1214 3749; baseline -0.001 -19"><span class='ocrx_word' id='word_1_265' title='bbox 91 3665 135 3730; x_wconf 90' lang='lat' dir='ltr'><strong>ad</strong></span> <span class='ocrx_word' id='word_1_266' title='bbox 151 3667 256 3748; x_wconf 86' lang='lat' dir='ltr'><strong>caput</strong></span> <span class='ocrx_word' id='word_1_267' title='bbox 270 3657 380 3745; x_wconf 88' lang='lat' dir='ltr'><strong>fluuii;</strong></span> <span class='ocrx_word' id='word_1_268' title='bbox 396 3659 518 3727; x_wconf 88' lang='lat' dir='ltr'><strong>deinde</strong></span> <span class='ocrx_word' id='word_1_269' title='bbox 534 3659 739 3727; x_wconf 87' lang='lat' dir='ltr'><strong>descendens</strong></span> <span class='ocrx_word' id='word_1_270' title='bbox 756 3663 846 3727; x_wconf 87' lang='lat' dir='ltr'><strong>venit</strong></span> <span class='ocrx_word' id='word_1_271' title='bbox 862 3662 951 3728; x_wconf 85' lang='lat' dir='ltr'><strong>cirea</strong></span> <span class='ocrx_word' id='word_1_272' title='bbox 962 3663 1089 3729; x_wconf 91' lang='lat' dir='ltr'><strong>domum</strong></span> <span class='ocrx_word' id='word_1_273' title='bbox 1101 3663 1214 3749; x_wconf 77' lang='lat' dir='ltr'><strong>(leged</strong></span> 
     </span>
     <span class='ocr_line' id='line_1_32' title="bbox 92 3763 1210 3853; baseline -0.002 -17"><span class='ocrx_word' id='word_1_274' title='bbox 92 3773 123 3836; x_wconf 85' lang='lat' dir='ltr'><strong>in</strong></span> <span class='ocrx_word' id='word_1_275' title='bbox 142 3769 260 3836; x_wconf 90' lang='lat' dir='ltr'><strong>eodem</strong></span> <span class='ocrx_word' id='word_1_276' title='bbox 276 3763 376 3832; x_wconf 89' lang='lat' dir='ltr'><strong>fluuio</strong></span> <span class='ocrx_word' id='word_1_277' title='bbox 386 3817 396 3852; x_wconf 91' lang='lat'>‚</span> <span class='ocrx_word' id='word_1_278' title='bbox 422 3773 455 3832; x_wconf 91' lang='lat' dir='ltr'><strong>et</strong></span> <span class='ocrx_word' id='word_1_279' title='bbox 469 3763 588 3832; x_wconf 90' lang='lat' dir='ltr'><strong>deinde</strong></span> <span class='ocrx_word' id='word_1_280' title='bbox 605 3766 719 3833; x_wconf 86' lang='lat' dir='ltr'><strong>exiens</strong></span> <span class='ocrx_word' id='word_1_281' title='bbox 735 3767 829 3834; x_wconf 81' lang='lat' dir='ltr'><strong>vadit</strong></span> <span class='ocrx_word' id='word_1_282' title='bbox 847 3767 892 3834; x_wconf 91' lang='lat' dir='ltr'><strong>ad</strong></span> <span class='ocrx_word' id='word_1_283' title='bbox 909 3767 995 3834; x_wconf 89' lang='lat' dir='ltr'><strong>viam</strong></span> <span class='ocrx_word' id='word_1_284' title='bbox 1004 3818 1013 3853; x_wconf 93' lang='lat'><strong>,</strong></span> <span class='ocrx_word' id='word_1_285' title='bbox 1040 3789 1104 3853; x_wconf 90' lang='lat' dir='ltr'><strong>que</strong></span> <span class='ocrx_word' id='word_1_286' title='bbox 1121 3769 1210 3836; x_wconf 91' lang='lat' dir='ltr'><strong>ducit</strong></span> 
     </span>
     <span class='ocr_line' id='line_1_33' title="bbox 91 3872 1212 3960; baseline 0.002 -16"><span class='ocrx_word' id='word_1_287' title='bbox 91 3879 123 3944; x_wconf 91' lang='lat' dir='ltr'><strong>in</strong></span> <span class='ocrx_word' id='word_1_288' title='bbox 140 3872 295 3960; x_wconf 70' lang='lat' dir='ltr'><strong>buruch,</strong></span> <span class='ocrx_word' id='word_1_289' title='bbox 319 3879 353 3941; x_wconf 87' lang='lat' dir='ltr'><strong>et</strong></span> <span class='ocrx_word' id='word_1_290' title='bbox 368 3873 417 3939; x_wconf 89' lang='lat' dir='ltr'><strong>sic</strong></span> <span class='ocrx_word' id='word_1_291' title='bbox 432 3873 466 3940; x_wconf 96' lang='lat' dir='ltr'><strong>in</strong></span> <span class='ocrx_word' id='word_1_292' title='bbox 494 3873 569 3960; x_wconf 88' lang='lat' dir='ltr'><strong>ipsa</strong></span> <span class='ocrx_word' id='word_1_293' title='bbox 584 3875 639 3942; x_wconf 86' lang='lat' dir='ltr'><strong>vla</strong></span> <span class='ocrx_word' id='word_1_294' title='bbox 654 3874 747 3941; x_wconf 84' lang='lat' dir='ltr'><strong>vadit</strong></span> <span class='ocrx_word' id='word_1_295' title='bbox 763 3897 866 3960; x_wconf 77' lang='lat' dir='ltr'><strong>usque</strong></span> <span class='ocrx_word' id='word_1_296' title='bbox 892 3873 935 3942; x_wconf 90' lang='lat' dir='ltr'><strong>ad</strong></span> <span class='ocrx_word' id='word_1_297' title='bbox 949 3872 1083 3943; x_wconf 88' lang='lat' dir='ltr'><strong>fluuium</strong></span> <span class='ocrx_word' id='word_1_298' title='bbox 1100 3873 1212 3946; x_wconf 91' lang='lat' dir='ltr'><strong>Udur-</strong></span> 
     </span>
     <span class='ocr_line' id='line_1_34' title="bbox 93 3981 1215 4076; baseline -0.004 -22"><span class='ocrx_word' id='word_1_299' title='bbox 93 4006 182 4076; x_wconf 84' lang='lat' dir='ltr'><strong>nya,</strong></span> <span class='ocrx_word' id='word_1_300' title='bbox 209 3991 242 4049; x_wconf 89' lang='lat' dir='ltr'><strong>et</strong></span> <span class='ocrx_word' id='word_1_301' title='bbox 259 3981 304 4048; x_wconf 91' lang='lat' dir='ltr'><strong>ita</strong></span> <span class='ocrx_word' id='word_1_302' title='bbox 319 3999 434 4068; x_wconf 88' lang='lat' dir='ltr'><strong>parum</strong></span> <span class='ocrx_word' id='word_1_303' title='bbox 461 3981 672 4049; x_wconf 91' lang='lat' dir='ltr'><strong>ascendendo</strong></span> <span class='ocrx_word' id='word_1_304' title='bbox 698 3985 763 4049; x_wconf 83' lang='lat' dir='ltr'><strong>exit</strong></span> <span class='ocrx_word' id='word_1_305' title='bbox 779 3982 823 4048; x_wconf 91' lang='lat' dir='ltr'><strong>ad</strong></span> <span class='ocrx_word' id='word_1_306' title='bbox 848 3983 950 4050; x_wconf 90' lang='lat' dir='ltr'><strong>alium</strong></span> <span class='ocrx_word' id='word_1_307' title='bbox 975 3983 1133 4074; x_wconf 87' lang='lat' dir='ltr'><strong>riuulum‚</strong></span> <span class='ocrx_word' id='word_1_308' title='bbox 1159 3985 1215 4070; x_wconf 89' lang='lat' dir='ltr'><strong>qni</strong></span> 
     </span>
     <span class='ocr_line' id='line_1_35' title="bbox 91 4089 1215 4182; baseline -0.003 -20"><span class='ocrx_word' id='word_1_309' title='bbox 91 4093 217 4162; x_wconf 85' lang='lat' dir='ltr'><strong>transit</strong></span> <span class='ocrx_word' id='word_1_310' title='bbox 231 4089 277 4158; x_wconf 93' lang='lat' dir='ltr'><strong>ad</strong></span> <span class='ocrx_word' id='word_1_311' title='bbox 292 4089 451 4173; x_wconf 90' lang='lat' dir='ltr'><strong>quasdam</strong></span> <span class='ocrx_word' id='word_1_312' title='bbox 468 4089 651 4178; x_wconf 79' lang='lat' dir='ltr'><strong>virgultas,</strong></span> <span class='ocrx_word' id='word_1_313' title='bbox 675 4089 730 4157; x_wconf 86' lang='lat' dir='ltr'><strong>ubi</strong></span> <span class='ocrx_word' id='word_1_314' title='bbox 746 4091 852 4157; x_wconf 87' lang='lat' dir='ltr'><strong>eciam</strong></span> <span class='ocrx_word' id='word_1_315' title='bbox 869 4099 921 4158; x_wconf 86' lang='lat' dir='ltr'><strong>est</strong></span> <span class='ocrx_word' id='word_1_316' title='bbox 936 4111 1020 4159; x_wconf 82' lang='lat' dir='ltr'><strong>unus</strong></span> <span class='ocrx_word' id='word_1_317' title='bbox 1036 4098 1165 4182; x_wconf 86' lang='lat' dir='ltr'><strong>puteus,</strong></span> <span class='ocrx_word' id='word_1_318' title='bbox 1182 4101 1215 4159; x_wconf 88' lang='lat' dir='ltr'><strong>et</strong></span> 
     </span>
     <span class='ocr_line' id='line_1_36' title="bbox 93 4199 1215 4292; baseline 0.001 -21"><span class='ocrx_word' id='word_1_319' title='bbox 93 4201 215 4271; x_wconf 87' lang='lat' dir='ltr'><strong>deinde</strong></span> <span class='ocrx_word' id='word_1_320' title='bbox 231 4199 335 4268; x_wconf 85' lang='lat' dir='ltr'><strong>tendit</strong></span> <span class='ocrx_word' id='word_1_321' title='bbox 350 4218 464 4267; x_wconf 81' lang='lat' dir='ltr'><strong>versus</strong></span> <span class='ocrx_word' id='word_1_322' title='bbox 481 4219 636 4292; x_wconf 75' lang='lat' dir='ltr'><strong>maguam</strong></span> <span class='ocrx_word' id='word_1_323' title='bbox 652 4199 790 4284; x_wconf 89' lang='lat' dir='ltr'><strong>siluam,</strong></span> <span class='ocrx_word' id='word_1_324' title='bbox 816 4200 896 4266; x_wconf 90' lang='lat' dir='ltr'><strong>etin</strong></span> <span class='ocrx_word' id='word_1_325' title='bbox 911 4200 971 4268; x_wconf 93' lang='lat' dir='ltr'><strong>illa</strong></span> <span class='ocrx_word' id='word_1_326' title='bbox 993 4222 1114 4286; x_wconf 83' lang='lat' dir='ltr'><strong>magna</strong></span> <span class='ocrx_word' id='word_1_327' title='bbox 1129 4202 1215 4272; x_wconf 84' lang='lat' dir='ltr'><strong>silua</strong></span> 
     </span>
     <span class='ocr_line' id='line_1_37' title="bbox 93 4298 1213 4398; baseline -0.004 -18"><span class='ocrx_word' id='word_1_328' title='bbox 93 4311 188 4380; x_wconf 83' lang='lat' dir='ltr'><strong>radit</strong></span> <span class='ocrx_word' id='word_1_329' title='bbox 204 4309 248 4376; x_wconf 92' lang='lat' dir='ltr'><strong>ad</strong></span> <span class='ocrx_word' id='word_1_330' title='bbox 265 4327 364 4376; x_wconf 85' lang='lat' dir='ltr'><strong>vnum</strong></span> <span class='ocrx_word' id='word_1_331' title='bbox 379 4298 540 4398; x_wconf 82' lang='lat' dir='ltr'><strong>montem,</strong></span> <span class='ocrx_word' id='word_1_332' title='bbox 556 4310 612 4394; x_wconf 90' lang='lat' dir='ltr'><strong>qui</strong></span> <span class='ocrx_word' id='word_1_333' title='bbox 628 4308 846 4398; x_wconf 83' lang='lat' dir='ltr'><strong>Aryuberyob</strong></span> <span class='ocrx_word' id='word_1_334' title='bbox 862 4309 1003 4396; x_wconf 75' lang='lat' dir='ltr'><strong>dicitnr,</strong></span> <span class='ocrx_word' id='word_1_335' title='bbox 1019 4309 1139 4380; x_wconf 86' lang='lat' dir='ltr'><strong>deinde</strong></span> <span class='ocrx_word' id='word_1_336' title='bbox 1153 4333 1213 4380; x_wconf 78' lang='lat' dir='ltr'><strong>ve-</strong></span> 
     </span>
     <span class='ocr_line' id='line_1_38' title="bbox 95 4415 1213 4507; baseline -0.002 -18"><span class='ocrx_word' id='word_1_337' title='bbox 95 4421 143 4489; x_wconf 92' lang='lat' dir='ltr'><strong>dit</strong></span> <span class='ocrx_word' id='word_1_338' title='bbox 158 4419 203 4486; x_wconf 88' lang='lat' dir='ltr'><strong>ad</strong></span> <span class='ocrx_word' id='word_1_339' title='bbox 219 4415 365 4486; x_wconf 89' lang='lat' dir='ltr'><strong>Iuanobe</strong></span> <span class='ocrx_word' id='word_1_340' title='bbox 379 4423 413 4486; x_wconf 90' lang='lat' dir='ltr'><strong>et</strong></span> <span class='ocrx_word' id='word_1_341' title='bbox 428 4418 477 4484; x_wconf 90' lang='lat' dir='ltr'><strong>sic</strong></span> <span class='ocrx_word' id='word_1_342' title='bbox 493 4419 658 4486; x_wconf 84' lang='lat' dir='ltr'><strong>transiens</strong></span> <span class='ocrx_word' id='word_1_343' title='bbox 675 4438 734 4503; x_wconf 92' lang='lat' dir='ltr'><strong>per</strong></span> <span class='ocrx_word' id='word_1_344' title='bbox 750 4418 915 4503; x_wconf 88' lang='lat' dir='ltr'><strong>quendam</strong></span> <span class='ocrx_word' id='word_1_345' title='bbox 933 4417 1081 4507; x_wconf 80' lang='lat' dir='ltr'><strong>beyerch‚</strong></span> <span class='ocrx_word' id='word_1_346' title='bbox 1093 4421 1147 4504; x_wconf 83' lang='lat' dir='ltr'><strong>qui</strong></span> <span class='ocrx_word' id='word_1_347' title='bbox 1163 4441 1213 4488; x_wconf 90' lang='lat' dir='ltr'><strong>se·</strong></span> 
     </span>
     <span class='ocr_line' id='line_1_39' title="bbox 96 4525 1214 4614; baseline -0.004 -16"><span class='ocrx_word' id='word_1_348' title='bbox 96 4537 192 4614; x_wconf 87' lang='lat' dir='ltr'><strong>parat</strong></span> <span class='ocrx_word' id='word_1_349' title='bbox 209 4529 252 4596; x_wconf 89' lang='lat' dir='ltr'><strong>de</strong></span> <span class='ocrx_word' id='word_1_350' title='bbox 264 4525 405 4610; x_wconf 75' lang='lat' dir='ltr'><strong>anuoh,</strong></span> <span class='ocrx_word' id='word_1_351' title='bbox 421 4525 561 4595; x_wconf 90' lang='lat' dir='ltr'><strong>reditad</strong></span> <span class='ocrx_word' id='word_1_352' title='bbox 577 4525 710 4594; x_wconf 88' lang='lat' dir='ltr'><strong>eundern</strong></span> <span class='ocrx_word' id='word_1_353' title='bbox 723 4535 855 4612; x_wconf 87' lang='lat' dir='ltr'><strong>puteum</strong></span> <span class='ocrx_word' id='word_1_354' title='bbox 866 4527 922 4594; x_wconf 86' lang='lat' dir='ltr'><strong>vbi</strong></span> <span class='ocrx_word' id='word_1_355' title='bbox 938 4527 1163 4612; x_wconf 78' lang='lat' dir='ltr'><strong>incipiebatur,</strong></span> <span class='ocrx_word' id='word_1_356' title='bbox 1180 4535 1214 4596; x_wconf 88' lang='lat' dir='ltr'><strong>et</strong></span> 
     </span>
     <span class='ocr_line' id='line_1_40' title="bbox 98 4632 1212 4721; baseline -0.001 -17"><span class='ocrx_word' id='word_1_357' title='bbox 98 4638 142 4706; x_wconf 85' lang='lat' dir='ltr'><strong>sic</strong></span> <span class='ocrx_word' id='word_1_358' title='bbox 158 4632 411 4706; x_wconf 87' lang='lat' dir='ltr'><strong>terminabatur.</strong></span> <span class='ocrx_word' id='word_1_359' title='bbox 436 4635 473 4700; x_wconf 89' lang='lat' dir='ltr'><strong>In</strong></span> <span class='ocrx_word' id='word_1_360' title='bbox 490 4634 581 4721; x_wconf 88' lang='lat' dir='ltr'><strong>cujus</strong></span> <span class='ocrx_word' id='word_1_361' title='bbox 599 4635 645 4702; x_wconf 88' lang='lat' dir='ltr'><strong>rei</strong></span> <span class='ocrx_word' id='word_1_362' title='bbox 670 4637 858 4703; x_wconf 89' lang='lat' dir='ltr'><strong>memoriam</strong></span> <span class='ocrx_word' id='word_1_363' title='bbox 876 4654 935 4704; x_wconf 90' lang='lat' dir='ltr'><strong>sen</strong></span> <span class='ocrx_word' id='word_1_364' title='bbox 954 4635 1147 4706; x_wconf 78' lang='lat' dir='ltr'><strong>donacionis</strong></span> <span class='ocrx_word' id='word_1_365' title='bbox 1161 4637 1212 4705; x_wconf 88' lang='lat' dir='ltr'><strong>iir-</strong></span> 
     </span>
    </p>
   </div>
   <div class='ocr_carea' id='block_1_3' title="bbox 0 0 1596 5180">
    <p class='ocr_par' dir='ltr' id='par_1_3' title="bbox 0 0 1596 5180">
     <span class='ocr_line' id='line_1_41' title="bbox 0 0 1596 5180; baseline 0 0"><span class='ocrx_word' id='word_1_366' title='bbox 0 0 1596 5180; x_wconf 95' lang='lat' dir='ltr'><strong> </strong></span> 
     </span>
    </p>
   </div>
  </div>
 </body>
</html>
