3072 5168
376 1139 540 1208 Atrarolear'
554 1145 682 1212 laonoent
700 1147 959 1236 biaoarysdpleoole
977 1149 1120 1236 biaorryos
1138 1152 1372 1218 birtolrcaero'rd'l
1391 1153 1485 1238 [apol

502 1251 610 1316 Belua·
618 1255 683 1338 fiai
698 1258 728 1318 aa
743 1278 764 1318 u
781 1255 860 1340 lipto
876 1257 1017 1343 odroljai
1032 1257 1141 1342 loo'aaep
1155 1259 1234 1323 ledat.
1252 1261 1350 1324 1295,

480 1450 647 1517 Vniuersis
671 1457 840 1537 presentes
857 1453 985 1522 litteras
1001 1439 1209 1542 inspecturis.
1226 1457 1256 1524 J.
1273 1458 1483 1526 miseracione

372 1555 495 1623 Diuina
519 1555 710 1645 Propositus
727 1571 759 1627 et
784 1561 974 1630 Oonuantua
992 1565 1140 1631 Euoleaie
1155 1569 1258 1631 Beate
1281 1567 1427 1648 Virginis
1449 1567 1483 1632 de

372 1665 502 1734 Turuelr
518 1667 650 1735 Ordinis
667 1670 978 1740 Premonatrateusis
998 1674 1138 1742 salutem
1155 1675 1188 1740 in
1214 1675 1358 1742 omniurn
1382 1675 1480 1742 salua·

371 1783 450 1838 tore.
467 1772 570 1852 Quum
587 1783 622 1840 ut
639 1777 756 1860 queuis
772 1778 949 1864 dispositio
968 1787 1066 1866 gesta
1088 1782 1148 1849 sub
1165 1788 1311 1866 tompore
1328 1784 1363 1848 in
1377 1783 1480 1850 ratitu-

371 1879 448 1948 dine
464 1881 630 1966 habeatur,
659 1884 891 1968 seripturarum
907 1895 1076 1958 oonaueult
1091 1888 1279 1957 testimonio
1295 1889 1423 1975 luloiri;
1447 1888 1479 1952 ad

370 1991 592 2058 uniuersorum
615 1992 715 2078 igitur
730 1994 884 2062 noticiam
900 2001 1013 2063 tenore
1029 1997 1238 2082 presencium
1252 1997 1402 2064 uolumus
1418 2017 1478 2083 per·

370 2099 493 2182 uenire,
510 2099 598 2182 quod
614 2119 686 2166 oum
702 2101 896 2191 Donyzlaus
907 2104 949 2171 de
965 2105 1045 2171 villa
1061 2105 1211 2172 Waralia
1226 2107 1267 2172 de
1283 2106 1414 2192 Lyptou
1429 2125 1478 2190 pro

371 2207 520 2276 omnibus
545 2209 677 2296 populis
703 2217 736 2278 at
761 2211 892 2280 villania
909 2212 951 2279 de
967 2212 1083 2279 eadam
1099 2213 1180 2280 villa
1203 2211 1362 2297 wasalia,
1377 2221 1409 2281 ot
1422 2233 1477 2280 una

370 2334 441 2380 eum
458 2315 625 2384 Demetrio
636 2317 702 2385 lilio
718 2319 813 2386 Pauli
831 2319 961 2386 homine
977 2321 1144 2406 prouineie
1160 2321 1201 2388 de
1218 2321 1348 2408 Lyptou
1364 2323 1408 2388 ab
1423 2341 1477 2386 una

370 2429 472 2510 parte,
489 2424 663 2511 Omodeoa,
674 2426 844 2496 lohannes
860 2436 895 2496 et
908 2429 1031 2495 Paulus
1047 2425 1104 2496 lilii
1121 2428 1231 2496 Belrar
1250 2431 1294 2496 ab
1310 2432 1425 2514 altera,
1441 2429 1476 2496 ad

223 2583 226 2590 .
369 2539 515 2600 nostram
534 2536 753 2619 personaliter
775 2536 995 2604 aoeeasissent
1009 2537 1227 2622 presenciam,
1243 2535 1343 2623 ijdem
1359 2539 1474 2625 Donpr·

368 2643 443 2708 laus
458 2647 492 2708 et
515 2643 701 2711 Demetrius
727 2643 860 2709 oraoulo
886 2643 962 2708 rive
978 2645 1069 2710 uoois
1087 2643 1136 2710 sio
1152 2643 1317 2728 dixerunt,
1337 2645 1422 2728 quod
1442 2663 1474 2712 ex

369 2755 524 2834 preoepto
539 2753 577 2820 A.
594 2751 656 2819 Dei
670 2751 786 2838 grania
802 2753 903 2834 Regis
918 2749 1099 2835 Hungarie,
1116 2757 1149 2815 et
1164 2749 1316 2835 magistri
1331 2751 1475 2831 Demetrij

369 2854 503 2922 comitis
518 2855 703 2926 deZoulum
719 2878 778 2944 pro
794 2863 940 2944 tempore
950 2857 1116 2926 eonstituti
1126 2857 1282 2944 Omodeo,
1298 2858 1436 2926 Johanni
1449 2865 1475 2924 et

368 2965 471 3034 Paulo
486 2969 685 3054 supradietis
700 2989 759 3056 pro
775 2975 868 3036 tarra
892 2967 1058 3056 ipsorum,
1075 2987 1172 3053 quam
1189 2969 1399 3036 eommuniter
1413 2987 1471 3034 uun

368 3077 499 3162 populis
516 3077 558 3144 de
572 3079 654 3148 villa
670 3079 819 3147 Waralia
832 3099 854 3146 a
869 3085 1015 3165 temporo
1024 3081 1060 3140 B.
1076 3077 1140 3144 Dei
1156 3076 1381 3162 graoiaRegis
1396 3075 1469 3142 Hon-

368 3183 461 3268 garia
476 3181 572 3251 beata
588 3183 739 3252 memorio
754 3181 978 3270 possidebant,
994 3183 1093 3268 ijdem
1109 3181 1224 3268 populi
1239 3183 1281 3248 de
1297 3181 1376 3250 villa
1392 3179 1471 3248 War-

369 3291 438 3360 alia
452 3294 525 3378 puri
551 3295 719 3363 uoluntate
744 3303 778 3362 et
793 3311 972 3374 oonaenau,
997 3291 1030 3360 in
1055 3292 1281 3360 nonnambium
1296 3299 1384 3360 terro
1398 3292 1472 3378 ipro·

368 3419 438 3468 rum
453 3399 519 3466 iam
536 3399 624 3469 dioto
643 3401 734 3468 iuxta
749 3399 882 3469 llnuium
898 3401 1050 3488 Zelnyee,
1067 3398 1110 3466 ab
1128 3419 1194 3466 una
1210 3405 1307 3486 parte
1322 3399 1472 3478 munta

369 3509 622 3593 assignauemnt
637 3516 669 3577 et
681 3508 839 3578 dederunt
848 3516 969 3577 terram
985 3509 1058 3575 nani
1075 3507 1211 3575 duorum
1221 3515 1402 3576 aratrorum
1416 3501 1472 3572 sul·

370 3615 541 3703 linientem,
557 3618 639 3705 ipsis
654 3615 813 3704 Omodeo,
833 3617 976 3686 lohanni
993 3621 1026 3684 et
1042 3617 1147 3684 Paulo
1163 3615 1364 3700 memoratis,
1380 3621 1410 3681 et
1424 3631 1471 3698 per

369 3744 427 3794 eoa
442 3726 585 3812 ipsorum
601 3724 1008 3809 herodibuahsradomque
1023 3725 1268 3794 snooossoribns
1284 3723 1356 3792 iure
1370 3739 1466 3809 perpe·

369 3841 424 3901 tuo
433 3834 688 3905 irrouoeabiliter
705 3833 948 3922 possidendam.
964 3833 1064 3902 (iuius
1083 3831 1215 3915 quidam
1225 3835 1313 3898 tarra
1324 3837 1406 3898 moto
1419 3829 1469 3895 loon

368 3939 483 4008 ordine
493 3940 721 4026 distinguntur.
737 3942 945 4010 Primameta
960 3939 1087 4026 incipit,
1103 3937 1158 4004 ubi
1169 3956 1256 4022 aqua
1275 3937 1414 4027 Zalnpea
1427 3956 1470 4002 oa·

368 4047 416 4115 dit
430 4047 463 4114 in
479 4047 654 4136 Waagery,
671 4047 818 4116 attendit
828 4050 978 4136 superius
988 4067 1046 4133 per
1062 4044 1202 4114 eandem
1215 4065 1335 4132 aquam
1351 4045 1392 4112 ad
1408 4063 1470 4128 sep·

369 4158 583 4244 tamtrionem,
596 4164 629 4226 ot
638 4158 731 4226 uadit
748 4159 792 4226 ad
801 4159 907 4227 loeum
925 4154 1122 4245 molendpni,
1140 4154 1467 4242 etaoanditperunun

370 4265 527 4335 fossatum
543 4268 662 4338 iterato
677 4269 723 4336 ad
737 4285 857 4351 aquam
874 4267 1026 4356 Zolnyoe,
1043 4275 1075 4335 et
1090 4267 1259 4353 paululum
1275 4261 1468 4334 ostendendo

372 4373 440 4442 exit
454 4394 555 4462 supra
569 4379 803 4466 molandynum
818 4376 974 4465 Tibureij,
990 4383 1023 4444 at
1032 4375 1232 4444 transeundo
1247 4375 1407 4461 quoddam
1420 4365 1475 4435 oto

371 4483 446 4547 altar
460 4484 577 4555 transit
601 4485 748 4554 inunum
775 4489 863 4555 niam
887 4485 930 4554 ad
952 4504 1050 4552 unum
1067 4483 1154 4568 stou,
1180 4491 1213 4551 ot
1228 4501 1288 4569 per
1305 4481 1468 4550 distineoio·

370 4609 444 4659 nom
459 4590 546 4662 illius
557 4593 635 4660 teloio
649 4596 756 4682 tangit
771 4613 889 4682 aquam
898 4593 1084 4682 Sustorohe,
1104 4599 1137 4662 at
1152 4592 1244 4662 uadit
1258 4591 1401 4677 supariua
1423 4607 1468 4678 per
