3144 5180
916 301 962 374 tt

863 393 1012 409 ——ss

382 503 487 568 dimus
504 503 602 570 etiam
619 505 694 570 novi
710 509 742 572 et
757 503 876 573 veteris
892 503 1091 584 testamenti,
1107 501 1192 588 legis
1207 522 1246 569 ac
1262 501 1484 588 Prophetarum

383 618 417 676 et
432 611 663 696 Apostolorum
672 631 771 680 unum
787 631 862 680 esse
874 618 1053 696 auctorem,
1069 613 1175 680 Deum
1191 632 1233 678 ac
1242 609 1415 676 Dominum
1428 627 1485 674 om·

381 719 590 806 nipotentem.
616 722 687 788 Heo
702 727 754 788 est
768 741 848 788 vera
863 718 944 788 fides
970 718 1153 802 Catholica,
1171 738 1211 784 ac
1229 718 1316 784 hanc
1333 734 1429 802 snper
1443 715 1482 781 di·

380 827 440 893 ctis
455 827 601 895 articulis
626 834 715 896 tenet
731 834 765 894 et
790 829 941 913 predicat
965 831 1187 896 sacrosancta
1211 828 1362 894 Romana
1386 823 1485 892 Eccle-

379 935 454 1002 sia:
480 937 540 1004 sed
556 943 589 1004 et
605 942 738 1023 propter
762 937 916 1004 divorsos
942 955 1071 1002 errores
1088 955 1109 1000 a
1134 933 1329 1018 quibusdam
1346 953 1389 998 cx
1404 933 1484 1018 ignc-

379 1044 489 1110 rantia
515 1049 547 1112 et
571 1045 614 1112 ab
630 1045 705 1112 aliis
728 1045 856 1114 molitio
882 1044 1101 1129 introductos,
1120 1045 1201 1112 dicit
1216 1049 1249 1109 et
1263 1041 1412 1128 predicat
1428 1058 1485 1124 eos,

379 1155 433 1236 qui
450 1161 525 1238 post
540 1154 734 1239 baptismum
751 1155 785 1220 in
801 1161 938 1238 peccota
954 1155 1118 1237 labuntur,
1135 1174 1201 1220 non
1218 1151 1483 1236 rebaptizandos5

377 1262 436 1328 scd
451 1281 510 1348 per
535 1282 646 1329 veram
673 1263 887 1348 penitentiam
909 1282 1038 1329 suorum
1054 1282 1156 1348 posse
1182 1261 1337 1346 consequi
1364 1259 1482 1325 veniam

377 1377 595 1458 peccatorum.
613 1370 708 1450 Quod
730 1373 759 1437 ei
775 1361 852 1438 vere
868 1374 1053 1456 penitentes
1069 1374 1103 1438 in
1119 1373 1259 1440 caritate
1283 1367 1484 1448 decesserint,

376 1483 550 1560 antequam
576 1477 687 1562 dignis
713 1479 893 1561 penitentie
912 1479 1074 1548 fructibus
1089 1483 1132 1548 de
1158 1479 1340 1549 commissis
1360 1475 1482 1546 satisfe-

378 1585 480 1652 ccrint
495 1593 528 1652 et
544 1587 686 1669 omissis,
703 1606 813 1654 corum
831 1589 959 1655 animas
984 1590 1079 1672 penis
1097 1590 1299 1676 purgatoriis
1323 1593 1398 1673 post
1414 1605 1482 1650 mor·

381 1707 443 1759 tem
459 1697 605 1781 pnrgari,
622 1697 710 1763 etad
726 1715 829 1782 penas
845 1697 1027 1764 huiusmodi
1048 1701 1244 1768 revelandas
1262 1697 1419 1786 prodesse
1443 1691 1483 1759 eis

379 1803 523 1870 fidelium
548 1805 695 1871 vivorum
720 1805 884 1890 suffragia,
902 1807 1002 1875 misse
1027 1810 1154 1876 scilicet
1181 1807 1354 1888 sacrificia,
1376 1801 1481 1870 oratio-

381 1929 439 1976 nes
456 1921 487 1979 et
502 1910 709 1998 elemosinas,
728 1919 760 1978 et
776 1914 844 1979 olia
860 1915 993 1998 pietatis
1010 1913 1129 1999 officia,
1147 1935 1210 1998 que
1228 1913 1414 1982 addelibns
1430 1927 1480 1995 pro

378 2019 453 2086 aliis
471 2018 623 2086 fidelibus
638 2019 708 2086 lieri
726 2029 964 2088 consueverunt
974 2021 1152 2090 secundnm
1168 2023 1318 2090 Ecclesie
1334 2020 1482 2088 instituta.

377 2127 509 2196 Illorum
526 2127 623 2212 igitur
638 2129 777 2213 animas,
794 2130 849 2212 qui
866 2141 941 2216 post
966 2152 1097 2200 sacrum
1116 2133 1285 2218 baptisma
1308 2135 1483 2212 susceptum

378 2237 498 2302 nnllam
516 2237 644 2302 omnino
662 2239 789 2323 peccati
807 2241 968 2306 maculam
985 2241 1203 2324 incurrerunt3
1222 2241 1296 2307 illos
1312 2239 1418 2320 etiam,
1430 2253 1483 2317 quc

377 2351 452 2434 post
468 2351 670 2413 contractam
686 2349 816 2431 peccati
828 2349 998 2432 maculam,
1024 2349 1076 2416 vel
1093 2349 1126 2414 in
1142 2350 1211 2416 suis
1227 2354 1396 2415 manentes
1421 2363 1482 2410 cor-

377 2452 528 2538 poribus,
549 2455 601 2522 vel
631 2455 757 2522 eisdem
774 2463 880 2534 exuta,
906 2463 1000 2543 prout
1026 2460 1175 2544 superius
1191 2459 1312 2525 dictum
1340 2462 1401 2540 est,
1419 2457 1483 2518 sunt

377 2569 527 2648 purgate,
545 2561 700 2629 incolum
718 2585 793 2632 mox
809 2567 921 2651 recipi.
939 2565 1073 2634 Illorum
1090 2576 1199 2635 antem
1225 2566 1363 2649 animas,
1380 2562 1434 2648 qui
1455 2561 1482 2623 in

378 2672 505 2737 mortali
520 2679 667 2756 peccalo,
684 2674 737 2739 vel
755 2691 827 2738 cum
845 2675 916 2743 solo
934 2673 1088 2762 originali
1113 2675 1284 2754 decedunt,
1305 2693 1380 2739 mox
1395 2675 1428 2740 in
1443 2670 1482 2734 in·

378 2779 504 2846 ternum
520 2779 731 2864 descendere,
743 2783 837 2866 penis
848 2789 957 2852 tamen
972 2784 1159 2868 disparibus
1175 2783 1367 2872 puniendos,
1378 2778 1483 2848 eadem

377 2889 498 2954 Sancta
512 2889 663 2957 Romana
673 2889 825 2957 Ecclesia
839 2891 940 2956 credit
955 2903 990 2958 et
1006 2891 1139 2960 tirmiter
1150 2898 1339 2979 asseverat;
1357 2897 1389 2955 et
1405 2887 1483 2972 qnod

378 2995 607 3066 nichilominus
633 3000 666 3064 iu
691 2999 744 3064 die
766 3000 903 3086 judicii,
930 3021 1041 3069 omnes
1068 3001 1220 3068 homines
1244 3007 1323 3066 ante
1349 2995 1484 3064 tirbnnal

379 3105 501 3176 Christi
518 3125 590 3174 cum
607 3107 676 3175 suis
693 3107 883 3192 corporibus
900 3110 1142 3194 comparebunt,
1161 3109 1321 3176 reddituri
1338 3110 1379 3175 de
1395 3104 1484 3172 iactis

376 3217 516 3302 propriis
534 3217 704 3284 rationem.
722 3222 826 3286 Tenet
843 3217 941 3284 etiam
959 3227 991 3284 ot
1010 3217 1106 3286 docet
1122 3219 1237 3288 eadem
1264 3221 1414 3286 Romana
1429 3216 1482 3280 Ec-

378 3323 490 3410 clesia,
506 3333 633 3410 septem
650 3345 722 3393 esse
748 3325 978 3392 ecclesiastica
996 3337 1226 3413 sacromenta5
1241 3347 1342 3394 nnnm
1367 3324 1484 3394 scilicet

377 3435 561 3520 baptimo,
579 3433 620 3502 de
646 3453 710 3518 qno
727 3432 913 3502 dictumest
930 3453 1048 3522 snpra3
1065 3436 1157 3504 aliud
1175 3445 1225 3502 est
1250 3437 1483 3504 sacramentnm

377 3543 638 3628 confirmationis,
659 3544 746 3627 quod
762 3562 821 3626 per
843 3563 958 3612 manus
975 3545 1215 3634 impositionem
1242 3543 1400 3629 Episcopi
1417 3559 1483 3608 con·

376 3653 482 3720 serunt
499 3651 685 3719 crismando
701 3657 855 3735 renatos3
875 3651 966 3720 alind
982 3659 1033 3718 est
1048 3653 1248 3738 penitentiu;
1270 3651 1361 3720 alind
1377 3648 1484 3717 euehu-

375 3761 486 3849 ristia;
516 3761 607 3828 alind
621 3768 671 3828 est
699 3769 937 3829 sacramentum
958 3763 1105 3850 ordinis;
1131 3763 1224 3830 aliud
1249 3768 1302 3828 est
1326 3758 1484 3827 matrimo-

376 3871 483 3957 ninm;
510 3869 597 3936 aliod
623 3878 674 3938 est
698 3877 845 3939 extrema
871 3873 992 3956 unctio,
1009 3893 1074 3956 que
1101 3871 1282 3940 secundnm
1308 3870 1484 3940 doctrinam

376 3978 472 4047 Beati
494 3979 611 4046 Jacobi
636 3980 865 4048 infirmantibus
891 3982 1070 4050 exhibetur.
1097 3983 1346 4050 Sacramentum
1373 3979 1482 4048 encha-

376 4090 468 4156 ristic
483 4109 524 4156 ex
548 4088 654 4157 azimo
679 4091 810 4159 conticit
826 4089 944 4158 cadem
961 4091 1113 4160 Romana
1138 4091 1309 4177 Ecclesia,
1326 4097 1441 4158 tenens
1455 4095 1483 4153 et

378 4199 520 4280 docens,
546 4200 631 4284 qnod
655 4199 780 4287 inipso
806 4207 1013 4268 sacramento
1036 4202 1133 4289 panis
1158 4221 1235 4270 vere
1260 4201 1483 4268 transubstan-
1527 4267 1531 4280 ,

375 4308 474 4375 dator
489 4307 524 4374 in
539 4329 669 4396 corpus,
686 4315 719 4378 ct
734 4309 844 4377 vinnm
860 4309 893 4378 in
909 4311 1104 4398 sangninem
1121 4311 1246 4380 domini
1261 4313 1344 4382 Jesn
1360 4307 1481 4378 Christi.

373 4419 425 4486 De
450 4418 655 4486 matrimonio
672 4439 751 4486 vero
777 4424 867 4486 tenet
876 4469 885 4503 ‚
903 4421 991 4505 quod
1007 4441 1068 4488 nec
1085 4441 1166 4491 nnns
1183 4422 1232 4488 vir
1258 4421 1353 4488 simul
1380 4421 1482 4508 plnres

373 4545 501 4612 uxores,
519 4548 579 4596 noc
595 4549 661 4597 una
686 4529 803 4598 mulier
820 4529 917 4599 simul
941 4531 1063 4601 habere
1091 4531 1289 4617 permittitur
1316 4532 1427 4616 plnres
1444 4529 1482 4593 vi·

375 4659 449 4729 ros;
465 4640 573 4708 soluta
587 4661 664 4709 vero
682 4641 756 4728 lege
766 4641 964 4712 matrimonii
979 4663 1038 4730 por
1053 4649 1188 4712 mortem
1204 4641 1391 4713 alterutrius
1409 4658 1481 4710 con·
