<?xml version="1.0" encoding="UTF-8"?>
<!DOCTYPE html PUBLIC "-//W3C//DTD XHTML 1.0 Transitional//EN"
    "http://www.w3.org/TR/xhtml1/DTD/xhtml1-transitional.dtd">
<html xmlns="http://www.w3.org/1999/xhtml" xml:lang="en" lang="en">
 <head>
  <title>
</title>
<meta http-equiv="Content-Type" content="text/html;charset=utf-8" />
  <meta name='ocr-system' content='tesseract 3.04.00' />
  <meta name='ocr-capabilities' content='ocr_page ocr_carea ocr_par ocr_line ocrx_word'/>
</head>
<body>
  <div class='ocr_page' id='page_1' title='image "./codexdiplomatic16wenzgoog_0075.png"; bbox 0 0 3144 5180; ppageno 0'>
   <div class='ocr_carea' id='block_1_1' title="bbox 367 1191 1482 1387">
    <p class='ocr_par' dir='ltr' id='par_1_1' title="bbox 367 1157 1482 1387">
     <span class='ocr_line' id='line_1_1' title="bbox 367 1191 1482 1280; baseline 0.002 -26"><span class='ocrx_word' id='word_1_1' title='bbox 367 1191 426 1260; x_wconf 77' lang='lat' dir='ltr'><strong>rr.</strong></span> <span class='ocrx_word' id='word_1_2' title='bbox 445 1191 560 1256; x_wconf 74' lang='lat' dir='ltr'><strong>arrato</strong></span> <span class='ocrx_word' id='word_1_3' title='bbox 571 1195 663 1278; x_wconf 71' lang='lat' dir='ltr'><strong>papa</strong></span> <span class='ocrx_word' id='word_1_4' title='bbox 677 1215 698 1256; x_wconf 76' lang='lat' dir='ltr'><strong>a</strong></span> <span class='ocrx_word' id='word_1_5' title='bbox 714 1191 864 1278; x_wconf 61' lang='lat' dir='ltr'><strong>sospem</strong></span> <span class='ocrx_word' id='word_1_6' title='bbox 881 1191 996 1257; x_wconf 57' lang='lat' dir='ltr'><strong>resae</strong></span> <span class='ocrx_word' id='word_1_7' title='bbox 1012 1194 1090 1277; x_wconf 65' lang='lat' dir='ltr'><strong>rosc,</strong></span> <span class='ocrx_word' id='word_1_8' title='bbox 1114 1191 1194 1280; x_wconf 65' lang='lat' dir='ltr'><strong>copy</strong></span> <span class='ocrx_word' id='word_1_9' title='bbox 1210 1216 1231 1256; x_wconf 71' lang='lat' dir='ltr'><strong>a</strong></span> <span class='ocrx_word' id='word_1_10' title='bbox 1255 1194 1358 1258; x_wconf 64' lang='lat' dir='ltr'><strong>ramas</strong></span> <span class='ocrx_word' id='word_1_11' title='bbox 1381 1192 1482 1256; x_wconf 71' lang='lat' dir='ltr'><strong>mro</strong></span> 
     </span>
     <span class='ocr_line' id='line_1_2' title="bbox 541 1301 1312 1387; baseline 0.001 -22"><span class='ocrx_word' id='word_1_12' title='bbox 541 1302 610 1365; x_wconf 76' lang='lat' dir='ltr'><strong>tileo</strong></span> <span class='ocrx_word' id='word_1_13' title='bbox 625 1301 792 1387; x_wconf 76' lang='lat' dir='ltr'><strong>epylsdzzol</strong></span> <span class='ocrx_word' id='word_1_14' title='bbox 807 1301 1003 1387; x_wconf 72' lang='lat' dir='ltr'><strong>epycurepbea</strong></span> <span class='ocrx_word' id='word_1_15' title='bbox 1018 1301 1197 1387; x_wconf 82' lang='lat' dir='ltr'><strong>maradjoo.</strong></span> <span class='ocrx_word' id='word_1_16' title='bbox 1215 1303 1312 1368; x_wconf 81' lang='lat'><em>1291.</em></span> 
     </span>
    </p>
   </div>
   <div class='ocr_carea' id='block_1_2' title="bbox 367 1496 1485 4738">
    <p class='ocr_par' dir='ltr' id='par_1_2' title="bbox 367 1496 1485 4738">
     <span class='ocr_line' id='line_1_3' title="bbox 474 1496 1481 1584; baseline 0.004 -22"><span class='ocrx_word' id='word_1_17' title='bbox 474 1496 632 1566; x_wconf 86' lang='lat' dir='ltr'><strong>Nicolans</strong></span> <span class='ocrx_word' id='word_1_18' title='bbox 659 1499 844 1584; x_wconf 76' lang='lat' dir='ltr'><strong>Episcopus</strong></span> <span class='ocrx_word' id='word_1_19' title='bbox 878 1517 991 1564; x_wconf 87' lang='lat' dir='ltr'><strong>seruus</strong></span> <span class='ocrx_word' id='word_1_20' title='bbox 1021 1519 1188 1566; x_wconf 91' lang='lat' dir='ltr'><strong>seruorum</strong></span> <span class='ocrx_word' id='word_1_21' title='bbox 1214 1499 1277 1568; x_wconf 91' lang='lat' dir='ltr'><strong>Dei</strong></span> <span class='ocrx_word' id='word_1_22' title='bbox 1304 1500 1481 1568; x_wconf 84' lang='lat' dir='ltr'><strong>venerabili</strong></span> 
     </span>
     <span class='ocr_line' id='line_1_4' title="bbox 368 1606 1480 1695; baseline 0.002 -23"><span class='ocrx_word' id='word_1_23' title='bbox 368 1606 461 1674; x_wconf 81' lang='lat' dir='ltr'><strong>tratri</strong></span> <span class='ocrx_word' id='word_1_24' title='bbox 477 1657 511 1674; x_wconf 91' lang='lat'><strong>..</strong></span> <span class='ocrx_word' id='word_1_25' title='bbox 534 1658 542 1674; x_wconf 94' lang='lat'><strong>.</strong></span> <span class='ocrx_word' id='word_1_26' title='bbox 568 1608 830 1694; x_wconf 86' lang='lat' dir='ltr'><strong>Archiepiscopo</strong></span> <span class='ocrx_word' id='word_1_27' title='bbox 856 1609 1072 1690; x_wconf 89' lang='lat' dir='ltr'><strong>Bnlgaromm</strong></span> <span class='ocrx_word' id='word_1_28' title='bbox 1104 1609 1245 1695; x_wconf 86' lang='lat' dir='ltr'><strong>gratiam</strong></span> <span class='ocrx_word' id='word_1_29' title='bbox 1272 1609 1307 1676; x_wconf 90' lang='lat' dir='ltr'><strong>in</strong></span> <span class='ocrx_word' id='word_1_30' title='bbox 1332 1611 1480 1694; x_wconf 87' lang='lat' dir='ltr'><strong>presenti,</strong></span> 
     </span>
     <span class='ocr_line' id='line_1_5' title="bbox 367 1715 1480 1802; baseline 0 -20"><span class='ocrx_word' id='word_1_31' title='bbox 367 1736 431 1800; x_wconf 89' lang='lat' dir='ltr'><strong>que</strong></span> <span class='ocrx_word' id='word_1_32' title='bbox 447 1715 607 1802; x_wconf 86' lang='lat' dir='ltr'><strong>perducat</strong></span> <span class='ocrx_word' id='word_1_33' title='bbox 633 1717 676 1784; x_wconf 89' lang='lat' dir='ltr'><strong>ad</strong></span> <span class='ocrx_word' id='word_1_34' title='bbox 693 1715 831 1798; x_wconf 80' lang='lat' dir='ltr'><strong>gloriam</strong></span> <span class='ocrx_word' id='word_1_35' title='bbox 848 1717 892 1802; x_wconf 32' lang='lat' dir='ltr'><strong>,in</strong></span> <span class='ocrx_word' id='word_1_36' title='bbox 910 1715 1027 1784; x_wconf 81' lang='lat' dir='ltr'><strong>tuturo.</strong></span> <span class='ocrx_word' id='word_1_37' title='bbox 1053 1716 1238 1784; x_wconf 79' lang='lat' dir='ltr'><strong>Misericors</strong></span> <span class='ocrx_word' id='word_1_38' title='bbox 1255 1723 1288 1782; x_wconf 89' lang='lat' dir='ltr'><strong>et</strong></span> <span class='ocrx_word' id='word_1_39' title='bbox 1313 1718 1480 1785; x_wconf 78' lang='lat' dir='ltr'><strong>miserator</strong></span> 
     </span>
     <span class='ocr_line' id='line_1_6' title="bbox 367 1824 1479 1914; baseline -0.001 -22"><span class='ocrx_word' id='word_1_40' title='bbox 367 1825 527 1895; x_wconf 86' lang='lat' dir='ltr'><strong>Dominus</strong></span> <span class='ocrx_word' id='word_1_41' title='bbox 544 1825 600 1910; x_wconf 89' lang='lat' dir='ltr'><strong>pia</strong></span> <span class='ocrx_word' id='word_1_42' title='bbox 616 1826 829 1894; x_wconf 90' lang='lat' dir='ltr'><strong>miseratione</strong></span> <span class='ocrx_word' id='word_1_43' title='bbox 854 1825 1031 1892; x_wconf 89' lang='lat' dir='ltr'><strong>attendens</strong></span> <span class='ocrx_word' id='word_1_44' title='bbox 1055 1824 1232 1892; x_wconf 89' lang='lat' dir='ltr'><strong>humanum</strong></span> <span class='ocrx_word' id='word_1_45' title='bbox 1249 1845 1357 1914; x_wconf 90' lang='lat' dir='ltr'><strong>genus</strong></span> <span class='ocrx_word' id='word_1_46' title='bbox 1374 1827 1479 1896; x_wconf 87' lang='lat' dir='ltr'><strong>mortis</strong></span> 
     </span>
     <span class='ocr_line' id='line_1_7' title="bbox 368 1923 1478 2020; baseline -0.003 -18"><span class='ocrx_word' id='word_1_47' title='bbox 368 1943 531 2020; x_wconf 90' lang='lat' dir='ltr'><strong>perpetue</strong></span> <span class='ocrx_word' id='word_1_48' title='bbox 540 1933 691 2016; x_wconf 84' lang='lat' dir='ltr'><strong>nexibus,</strong></span> <span class='ocrx_word' id='word_1_49' title='bbox 702 1934 734 2000; x_wconf 94' lang='lat' dir='ltr'><strong>in</strong></span> <span class='ocrx_word' id='word_1_50' title='bbox 745 1955 825 2018; x_wconf 91' lang='lat' dir='ltr'><strong>quos</strong></span> <span class='ocrx_word' id='word_1_51' title='bbox 836 1933 941 2020; x_wconf 87' lang='lat' dir='ltr'><strong>ipsum</strong></span> <span class='ocrx_word' id='word_1_52' title='bbox 954 1933 1134 2020; x_wconf 76' lang='lat' dir='ltr'><strong>impegerat</strong></span> <span class='ocrx_word' id='word_1_53' title='bbox 1144 1933 1267 2002; x_wconf 91' lang='lat' dir='ltr'><strong>inimici</strong></span> <span class='ocrx_word' id='word_1_54' title='bbox 1278 1923 1396 2002; x_wconf 88' lang='lat' dir='ltr'><strong>dolosa</strong></span> <span class='ocrx_word' id='word_1_55' title='bbox 1410 1955 1478 2020; x_wconf 86' lang='lat' dir='ltr'><strong>sug·</strong></span> 
     </span>
     <span class='ocr_line' id='line_1_8' title="bbox 367 2040 1479 2130; baseline -0.002 -21"><span class='ocrx_word' id='word_1_56' title='bbox 367 2046 484 2129; x_wconf 88' lang='lat' dir='ltr'><strong>gestio,</strong></span> <span class='ocrx_word' id='word_1_57' title='bbox 500 2043 731 2112; x_wconf 83' lang='lat' dir='ltr'><strong>miserabiliter</strong></span> <span class='ocrx_word' id='word_1_58' title='bbox 742 2043 945 2126; x_wconf 86' lang='lat' dir='ltr'><strong>advolutum,</strong></span> <span class='ocrx_word' id='word_1_59' title='bbox 957 2052 990 2110; x_wconf 93' lang='lat' dir='ltr'><strong>ut</strong></span> <span class='ocrx_word' id='word_1_60' title='bbox 1002 2064 1077 2112; x_wconf 90' lang='lat' dir='ltr'><strong>eum</strong></span> <span class='ocrx_word' id='word_1_61' title='bbox 1088 2040 1318 2130; x_wconf 83' lang='lat' dir='ltr'><strong>(lgy)amorte</strong></span> <span class='ocrx_word' id='word_1_62' title='bbox 1327 2045 1479 2112; x_wconf 85' lang='lat' dir='ltr'><strong>liberaret</strong></span> 
     </span>
     <span class='ocr_line' id='line_1_9' title="bbox 367 2151 1483 2240; baseline -0.003 -21"><span class='ocrx_word' id='word_1_63' title='bbox 367 2161 527 2240; x_wconf 89' lang='lat' dir='ltr'><strong>perpetua</strong></span> <span class='ocrx_word' id='word_1_64' title='bbox 543 2160 576 2219; x_wconf 87' lang='lat' dir='ltr'><strong>et</strong></span> <span class='ocrx_word' id='word_1_65' title='bbox 591 2161 704 2220; x_wconf 89' lang='lat' dir='ltr'><strong>eterne</strong></span> <span class='ocrx_word' id='word_1_66' title='bbox 721 2153 788 2219; x_wconf 88' lang='lat' dir='ltr'><strong>vite</strong></span> <span class='ocrx_word' id='word_1_67' title='bbox 805 2153 936 2220; x_wconf 85' lang='lat' dir='ltr'><strong>beatum</strong></span> <span class='ocrx_word' id='word_1_68' title='bbox 954 2153 1170 2220; x_wconf 88' lang='lat' dir='ltr'><strong>constitueret</strong></span> <span class='ocrx_word' id='word_1_69' title='bbox 1193 2172 1430 2238; x_wconf 85' lang='lat' dir='ltr'><strong>possessorem,</strong></span> <span class='ocrx_word' id='word_1_70' title='bbox 1444 2151 1483 2216; x_wconf 92' lang='lat' dir='ltr'><strong>de</strong></span> 
     </span>
     <span class='ocr_line' id='line_1_10' title="bbox 367 2261 1480 2348; baseline 0.002 -22"><span class='ocrx_word' id='word_1_71' title='bbox 367 2262 509 2330; x_wconf 85' lang='lat' dir='ltr'><strong>Excelsa</strong></span> <span class='ocrx_word' id='word_1_72' title='bbox 525 2263 608 2330; x_wconf 90' lang='lat' dir='ltr'><strong>solio</strong></span> <span class='ocrx_word' id='word_1_73' title='bbox 633 2264 755 2330; x_wconf 88' lang='lat' dir='ltr'><strong>Sancto</strong></span> <span class='ocrx_word' id='word_1_74' title='bbox 772 2281 831 2330; x_wconf 91' lang='lat' dir='ltr'><strong>suo</strong></span> <span class='ocrx_word' id='word_1_75' title='bbox 848 2261 892 2328; x_wconf 86' lang='lat' dir='ltr'><strong>ad</strong></span> <span class='ocrx_word' id='word_1_76' title='bbox 907 2263 975 2330; x_wconf 90' lang='lat' dir='ltr'><strong>ima</strong></span> <span class='ocrx_word' id='word_1_77' title='bbox 990 2263 1100 2330; x_wconf 90' lang='lat' dir='ltr'><strong>mundi</strong></span> <span class='ocrx_word' id='word_1_78' title='bbox 1118 2261 1300 2348; x_wconf 87' lang='lat' dir='ltr'><strong>deseendit,</strong></span> <span class='ocrx_word' id='word_1_79' title='bbox 1318 2263 1377 2330; x_wconf 91' lang='lat' dir='ltr'><strong>ubi</strong></span> <span class='ocrx_word' id='word_1_80' title='bbox 1393 2268 1480 2330; x_wconf 87' lang='lat' dir='ltr'><strong>reste</strong></span> 
     </span>
     <span class='ocr_line' id='line_1_11' title="bbox 367 2369 1482 2458; baseline -0.001 -21"><span class='ocrx_word' id='word_1_81' title='bbox 367 2377 480 2438; x_wconf 89' lang='lat' dir='ltr'><strong>nostre</strong></span> <span class='ocrx_word' id='word_1_82' title='bbox 494 2371 706 2440; x_wconf 87' lang='lat' dir='ltr'><strong>mortalitatis</strong></span> <span class='ocrx_word' id='word_1_83' title='bbox 724 2371 856 2439; x_wconf 91' lang='lat' dir='ltr'><strong>indutus</strong></span> <span class='ocrx_word' id='word_1_84' title='bbox 874 2373 959 2438; x_wconf 91' lang='lat' dir='ltr'><strong>ultro</strong></span> <span class='ocrx_word' id='word_1_85' title='bbox 985 2369 1079 2438; x_wconf 87' lang='lat' dir='ltr'><strong>morti</strong></span> <span class='ocrx_word' id='word_1_86' title='bbox 1095 2391 1133 2439; x_wconf 88' lang='lat' dir='ltr'><strong>se</strong></span> <span class='ocrx_word' id='word_1_87' title='bbox 1149 2371 1276 2458; x_wconf 86' lang='lat' dir='ltr'><strong>optulit,</strong></span> <span class='ocrx_word' id='word_1_88' title='bbox 1294 2379 1328 2438; x_wconf 90' lang='lat' dir='ltr'><strong>et</strong></span> <span class='ocrx_word' id='word_1_89' title='bbox 1344 2378 1482 2458; x_wconf 89' lang='lat' dir='ltr'><strong>postmo-</strong></span> 
     </span>
     <span class='ocr_line' id='line_1_12' title="bbox 367 2479 1482 2566; baseline -0.002 -20"><span class='ocrx_word' id='word_1_90' title='bbox 367 2481 443 2546; x_wconf 93' lang='lat' dir='ltr'><strong>dum</strong></span> <span class='ocrx_word' id='word_1_91' title='bbox 459 2482 512 2548; x_wconf 92' lang='lat' dir='ltr'><strong>die</strong></span> <span class='ocrx_word' id='word_1_92' title='bbox 529 2481 628 2548; x_wconf 87' lang='lat' dir='ltr'><strong>tertia</strong></span> <span class='ocrx_word' id='word_1_93' title='bbox 643 2483 843 2566; x_wconf 88' lang='lat' dir='ltr'><strong>resurrexit,</strong></span> <span class='ocrx_word' id='word_1_94' title='bbox 868 2490 1006 2550; x_wconf 90' lang='lat' dir='ltr'><strong>mortem</strong></span> <span class='ocrx_word' id='word_1_95' title='bbox 1022 2490 1168 2550; x_wconf 87' lang='lat' dir='ltr'><strong>nostram</strong></span> <span class='ocrx_word' id='word_1_96' title='bbox 1195 2481 1369 2550; x_wconf 87' lang='lat' dir='ltr'><strong>destruens</strong></span> <span class='ocrx_word' id='word_1_97' title='bbox 1394 2479 1482 2548; x_wconf 91' lang='lat' dir='ltr'><strong>mori·</strong></span> 
     </span>
     <span class='ocr_line' id='line_1_13' title="bbox 367 2587 1482 2676; baseline 0.002 -24"><span class='ocrx_word' id='word_1_98' title='bbox 367 2587 474 2672; x_wconf 88' lang='lat' dir='ltr'><strong>eudo,</strong></span> <span class='ocrx_word' id='word_1_99' title='bbox 510 2597 542 2655; x_wconf 91' lang='lat' dir='ltr'><strong>et</strong></span> <span class='ocrx_word' id='word_1_100' title='bbox 568 2588 670 2655; x_wconf 86' lang='lat' dir='ltr'><strong>vitam</strong></span> <span class='ocrx_word' id='word_1_101' title='bbox 696 2608 856 2676; x_wconf 86' lang='lat' dir='ltr'><strong>reparans</strong></span> <span class='ocrx_word' id='word_1_102' title='bbox 891 2589 1030 2657; x_wconf 80' lang='lat' dir='ltr'><strong>feliciter</strong></span> <span class='ocrx_word' id='word_1_103' title='bbox 1054 2589 1273 2675; x_wconf 84' lang='lat' dir='ltr'><strong>resurgendo;</strong></span> <span class='ocrx_word' id='word_1_104' title='bbox 1300 2590 1421 2658; x_wconf 89' lang='lat' dir='ltr'><strong>deinde</strong></span> <span class='ocrx_word' id='word_1_105' title='bbox 1445 2589 1482 2654; x_wconf 89' lang='lat' dir='ltr'><strong>de</strong></span> 
     </span>
     <span class='ocr_line' id='line_1_14' title="bbox 367 2695 1481 2784; baseline -0.003 -21"><span class='ocrx_word' id='word_1_106' title='bbox 367 2695 488 2763; x_wconf 91' lang='lat' dir='ltr'><strong>mundo</strong></span> <span class='ocrx_word' id='word_1_107' title='bbox 505 2715 702 2765; x_wconf 87' lang='lat' dir='ltr'><strong>ascensurus</strong></span> <span class='ocrx_word' id='word_1_108' title='bbox 719 2697 753 2762; x_wconf 92' lang='lat' dir='ltr'><strong>iu</strong></span> <span class='ocrx_word' id='word_1_109' title='bbox 770 2699 875 2764; x_wconf 88' lang='lat' dir='ltr'><strong>celum</strong></span> <span class='ocrx_word' id='word_1_110' title='bbox 885 2748 894 2782; x_wconf 95' lang='lat'><strong>,</strong></span> <span class='ocrx_word' id='word_1_111' title='bbox 921 2719 962 2764; x_wconf 89' lang='lat' dir='ltr'><strong>ne</strong></span> <span class='ocrx_word' id='word_1_112' title='bbox 978 2697 1072 2783; x_wconf 85' lang='lat' dir='ltr'><strong>gregi</strong></span> <span class='ocrx_word' id='word_1_113' title='bbox 1089 2697 1252 2764; x_wconf 90' lang='lat' dir='ltr'><strong>dominico</strong></span> <span class='ocrx_word' id='word_1_114' title='bbox 1274 2699 1358 2767; x_wconf 88' lang='lat' dir='ltr'><strong>tanti</strong></span> <span class='ocrx_word' id='word_1_115' title='bbox 1376 2715 1481 2784; x_wconf 91' lang='lat' dir='ltr'><strong>asper-</strong></span> 
     </span>
     <span class='ocr_line' id='line_1_15' title="bbox 367 2803 1480 2893; baseline -0.002 -21"><span class='ocrx_word' id='word_1_116' title='bbox 367 2807 460 2872; x_wconf 90' lang='lat' dir='ltr'><strong>sione</strong></span> <span class='ocrx_word' id='word_1_117' title='bbox 476 2805 598 2871; x_wconf 88' lang='lat' dir='ltr'><strong>oruoris</strong></span> <span class='ocrx_word' id='word_1_118' title='bbox 610 2803 780 2890; x_wconf 90' lang='lat' dir='ltr'><strong>redempto</strong></span> <span class='ocrx_word' id='word_1_119' title='bbox 798 2826 876 2873; x_wconf 89' lang='lat' dir='ltr'><strong>cura</strong></span> <span class='ocrx_word' id='word_1_120' title='bbox 887 2805 1020 2873; x_wconf 89' lang='lat' dir='ltr'><strong>deesset</strong></span> <span class='ocrx_word' id='word_1_121' title='bbox 1036 2806 1188 2893; x_wconf 87' lang='lat' dir='ltr'><strong>pastoris,</strong></span> <span class='ocrx_word' id='word_1_122' title='bbox 1206 2807 1344 2872; x_wconf 90' lang='lat' dir='ltr'><strong>Beatum</strong></span> <span class='ocrx_word' id='word_1_123' title='bbox 1357 2807 1480 2874; x_wconf 90' lang='lat' dir='ltr'><strong>Petrum</strong></span> 
     </span>
     <span class='ocr_line' id='line_1_16' title="bbox 367 2913 1481 3000; baseline -0.001 -21"><span class='ocrx_word' id='word_1_124' title='bbox 367 2914 597 3000; x_wconf 90' lang='lat' dir='ltr'><strong>Apostolorum</strong></span> <span class='ocrx_word' id='word_1_125' title='bbox 610 2913 802 2998; x_wconf 89' lang='lat' dir='ltr'><strong>principem,</strong></span> <span class='ocrx_word' id='word_1_126' title='bbox 820 2920 936 2997; x_wconf 86' lang='lat' dir='ltr'><strong>etpost</strong></span> <span class='ocrx_word' id='word_1_127' title='bbox 952 2934 1026 2980; x_wconf 89' lang='lat' dir='ltr'><strong>eum</strong></span> <span class='ocrx_word' id='word_1_128' title='bbox 1037 2933 1150 2982; x_wconf 89' lang='lat' dir='ltr'><strong>omnes</strong></span> <span class='ocrx_word' id='word_1_129' title='bbox 1168 2915 1239 2980; x_wconf 89' lang='lat' dir='ltr'><strong>eius</strong></span> <span class='ocrx_word' id='word_1_130' title='bbox 1249 2913 1282 2980; x_wconf 93' lang='lat' dir='ltr'><strong>in</strong></span> <span class='ocrx_word' id='word_1_131' title='bbox 1294 2923 1481 3000; x_wconf 86' lang='lat' dir='ltr'><strong>perpetuum</strong></span> 
     </span>
     <span class='ocr_line' id='line_1_17' title="bbox 369 3021 1481 3108; baseline -0.004 -15"><span class='ocrx_word' id='word_1_132' title='bbox 369 3040 579 3093; x_wconf 80' lang='lat' dir='ltr'><strong>successores</strong></span> <span class='ocrx_word' id='word_1_133' title='bbox 597 3021 748 3090; x_wconf 90' lang='lat' dir='ltr'><strong>Vicarios</strong></span> <span class='ocrx_word' id='word_1_134' title='bbox 766 3040 843 3090; x_wconf 87' lang='lat' dir='ltr'><strong>suos</strong></span> <span class='ocrx_word' id='word_1_135' title='bbox 860 3023 1007 3090; x_wconf 90' lang='lat' dir='ltr'><strong>interris</strong></span> <span class='ocrx_word' id='word_1_136' title='bbox 1033 3023 1246 3108; x_wconf 89' lang='lat' dir='ltr'><strong>constituens,</strong></span> <span class='ocrx_word' id='word_1_137' title='bbox 1274 3023 1323 3091; x_wconf 88' lang='lat' dir='ltr'><strong>eis</strong></span> <span class='ocrx_word' id='word_1_138' title='bbox 1341 3022 1481 3092; x_wconf 87' lang='lat' dir='ltr'><strong>decrerit</strong></span> 
     </span>
     <span class='ocr_line' id='line_1_18' title="bbox 368 3127 1482 3216; baseline -0.002 -18"><span class='ocrx_word' id='word_1_139' title='bbox 368 3133 419 3200; x_wconf 89' lang='lat' dir='ltr'><strong>sui</strong></span> <span class='ocrx_word' id='word_1_140' title='bbox 435 3127 546 3216; x_wconf 79' lang='lat' dir='ltr'><strong>gregis</strong></span> <span class='ocrx_word' id='word_1_141' title='bbox 564 3148 674 3194; x_wconf 87' lang='lat' dir='ltr'><strong>euram</strong></span> <span class='ocrx_word' id='word_1_142' title='bbox 691 3137 724 3197; x_wconf 88' lang='lat' dir='ltr'><strong>et</strong></span> <span class='ocrx_word' id='word_1_143' title='bbox 739 3130 992 3198; x_wconf 86' lang='lat' dir='ltr'><strong>sollicitudinem</strong></span> <span class='ocrx_word' id='word_1_144' title='bbox 1011 3131 1283 3199; x_wconf 87' lang='lat' dir='ltr'><strong>committendam.</strong></span> <span class='ocrx_word' id='word_1_145' title='bbox 1309 3132 1402 3199; x_wconf 88' lang='lat' dir='ltr'><strong>Sane</strong></span> <span class='ocrx_word' id='word_1_146' title='bbox 1417 3151 1482 3199; x_wconf 91' lang='lat' dir='ltr'><strong>cum</strong></span> 
     </span>
     <span class='ocr_line' id='line_1_19' title="bbox 368 3237 1482 3326; baseline -0.004 -18"><span class='ocrx_word' id='word_1_147' title='bbox 368 3259 439 3317; x_wconf 89' lang='lat' dir='ltr'><strong>nos,</strong></span> <span class='ocrx_word' id='word_1_148' title='bbox 455 3239 533 3306; x_wconf 87' lang='lat' dir='ltr'><strong>licet</strong></span> <span class='ocrx_word' id='word_1_149' title='bbox 548 3237 825 3306; x_wconf 79' lang='lat' dir='ltr'><strong>insufficientibus</strong></span> <span class='ocrx_word' id='word_1_150' title='bbox 842 3238 988 3326; x_wconf 90' lang='lat' dir='ltr'><strong>meritis,</strong></span> <span class='ocrx_word' id='word_1_151' title='bbox 1012 3241 1113 3306; x_wconf 91' lang='lat' dir='ltr'><strong>simus</strong></span> <span class='ocrx_word' id='word_1_152' title='bbox 1130 3239 1234 3326; x_wconf 89' lang='lat' dir='ltr'><strong>ipsius</strong></span> <span class='ocrx_word' id='word_1_153' title='bbox 1251 3239 1316 3305; x_wconf 91' lang='lat' dir='ltr'><strong>Dei</strong></span> <span class='ocrx_word' id='word_1_154' title='bbox 1333 3237 1482 3322; x_wconf 90' lang='lat' dir='ltr'><strong>Omnipo-</strong></span> 
     </span>
     <span class='ocr_line' id='line_1_20' title="bbox 368 3344 1482 3434; baseline 0 -22"><span class='ocrx_word' id='word_1_155' title='bbox 368 3348 469 3416; x_wconf 88' lang='lat' dir='ltr'><strong>tentis</strong></span> <span class='ocrx_word' id='word_1_156' title='bbox 486 3345 610 3412; x_wconf 88' lang='lat' dir='ltr'><strong>Vioarii</strong></span> <span class='ocrx_word' id='word_1_157' title='bbox 627 3353 660 3412; x_wconf 89' lang='lat' dir='ltr'><strong>et</strong></span> <span class='ocrx_word' id='word_1_158' title='bbox 676 3344 822 3412; x_wconf 90' lang='lat' dir='ltr'><strong>eiusdem</strong></span> <span class='ocrx_word' id='word_1_159' title='bbox 838 3349 1069 3431; x_wconf 84' lang='lat' dir='ltr'><strong>Apostolorum</strong></span> <span class='ocrx_word' id='word_1_160' title='bbox 1093 3346 1249 3434; x_wconf 88' lang='lat' dir='ltr'><strong>principis</strong></span> <span class='ocrx_word' id='word_1_161' title='bbox 1266 3365 1482 3428; x_wconf 82' lang='lat' dir='ltr'><strong>successores,</strong></span> 
     </span>
     <span class='ocr_line' id='line_1_21' title="bbox 368 3453 1482 3540; baseline -0.004 -18"><span class='ocrx_word' id='word_1_162' title='bbox 368 3475 408 3522; x_wconf 90' lang='lat' dir='ltr'><strong>ex</strong></span> <span class='ocrx_word' id='word_1_163' title='bbox 425 3455 536 3522; x_wconf 88' lang='lat' dir='ltr'><strong>debito</strong></span> <span class='ocrx_word' id='word_1_164' title='bbox 554 3454 731 3540; x_wconf 91' lang='lat' dir='ltr'><strong>pastoralis</strong></span> <span class='ocrx_word' id='word_1_165' title='bbox 748 3453 847 3524; x_wconf 86' lang='lat' dir='ltr'><strong>officii</strong></span> <span class='ocrx_word' id='word_1_166' title='bbox 864 3455 934 3540; x_wconf 89' lang='lat' dir='ltr'><strong>iugi</strong></span> <span class='ocrx_word' id='word_1_167' title='bbox 949 3456 1169 3524; x_wconf 86' lang='lat' dir='ltr'><strong>sollicitudine</strong></span> <span class='ocrx_word' id='word_1_168' title='bbox 1179 3455 1296 3523; x_wconf 88' lang='lat' dir='ltr'><strong>attenti</strong></span> <span class='ocrx_word' id='word_1_169' title='bbox 1311 3455 1482 3536; x_wconf 86' lang='lat' dir='ltr'><strong>reddimur,</strong></span> 
     </span>
     <span class='ocr_line' id='line_1_22' title="bbox 367 3558 1484 3651; baseline -0.003 -20"><span class='ocrx_word' id='word_1_170' title='bbox 367 3571 402 3631; x_wconf 91' lang='lat' dir='ltr'><strong>nt</strong></span> <span class='ocrx_word' id='word_1_171' title='bbox 417 3563 585 3646; x_wconf 89' lang='lat' dir='ltr'><strong>universi,</strong></span> <span class='ocrx_word' id='word_1_172' title='bbox 612 3582 694 3646; x_wconf 88' lang='lat' dir='ltr'><strong>quos</strong></span> <span class='ocrx_word' id='word_1_173' title='bbox 710 3585 770 3650; x_wconf 90' lang='lat' dir='ltr'><strong>per</strong></span> <span class='ocrx_word' id='word_1_174' title='bbox 785 3558 1061 3651; x_wconf 85' lang='lat' dir='ltr'><strong>propagationem</strong></span> <span class='ocrx_word' id='word_1_175' title='bbox 1085 3565 1193 3632; x_wconf 87' lang='lat' dir='ltr'><strong>carnis</strong></span> <span class='ocrx_word' id='word_1_176' title='bbox 1209 3565 1353 3633; x_wconf 88' lang='lat' dir='ltr'><strong>humane</strong></span> <span class='ocrx_word' id='word_1_177' title='bbox 1371 3571 1484 3633; x_wconf 84' lang='lat' dir='ltr'><strong>natura</strong></span> 
     </span>
     <span class='ocr_line' id='line_1_23' title="bbox 369 3670 1483 3760; baseline 0.002 -22"><span class='ocrx_word' id='word_1_178' title='bbox 369 3671 525 3756; x_wconf 89' lang='lat' dir='ltr'><strong>produxit</strong></span> <span class='ocrx_word' id='word_1_179' title='bbox 541 3671 574 3739; x_wconf 91' lang='lat' dir='ltr'><strong>in</strong></span> <span class='ocrx_word' id='word_1_180' title='bbox 590 3689 674 3758; x_wconf 89' lang='lat' dir='ltr'><strong>esse,</strong></span> <span class='ocrx_word' id='word_1_181' title='bbox 693 3670 740 3737; x_wconf 90' lang='lat' dir='ltr'><strong>hii</strong></span> <span class='ocrx_word' id='word_1_182' title='bbox 756 3672 935 3759; x_wconf 89' lang='lat' dir='ltr'><strong>potissime,</strong></span> <span class='ocrx_word' id='word_1_183' title='bbox 961 3693 1044 3758; x_wconf 89' lang='lat' dir='ltr'><strong>quos</strong></span> <span class='ocrx_word' id='word_1_184' title='bbox 1060 3675 1149 3740; x_wconf 87' lang='lat' dir='ltr'><strong>sacri</strong></span> <span class='ocrx_word' id='word_1_185' title='bbox 1168 3673 1383 3760; x_wconf 86' lang='lat' dir='ltr'><strong>baptismatis</strong></span> <span class='ocrx_word' id='word_1_186' title='bbox 1401 3672 1483 3740; x_wconf 86' lang='lat' dir='ltr'><strong>nnds</strong></span> 
     </span>
     <span class='ocr_line' id='line_1_24' title="bbox 369 3780 1483 3866; baseline -0.001 -19"><span class='ocrx_word' id='word_1_187' title='bbox 369 3781 574 3865; x_wconf 90' lang='lat' dir='ltr'><strong>eonspersit‚</strong></span> <span class='ocrx_word' id='word_1_188' title='bbox 601 3788 692 3848; x_wconf 82' lang='lat' dir='ltr'><strong>actus</strong></span> <span class='ocrx_word' id='word_1_189' title='bbox 710 3800 786 3848; x_wconf 91' lang='lat' dir='ltr'><strong>suos</strong></span> <span class='ocrx_word' id='word_1_190' title='bbox 812 3780 989 3866; x_wconf 86' lang='lat' dir='ltr'><strong>disponant</strong></span> <span class='ocrx_word' id='word_1_191' title='bbox 1005 3783 1174 3850; x_wconf 87' lang='lat' dir='ltr'><strong>inlumina</strong></span> <span class='ocrx_word' id='word_1_192' title='bbox 1190 3781 1364 3865; x_wconf 85' lang='lat' dir='ltr'><strong>veritatis,</strong></span> <span class='ocrx_word' id='word_1_193' title='bbox 1382 3789 1415 3848; x_wconf 91' lang='lat' dir='ltr'><strong>et</strong></span> <span class='ocrx_word' id='word_1_194' title='bbox 1430 3800 1483 3866; x_wconf 89' lang='lat' dir='ltr'><strong>per</strong></span> 
     </span>
     <span class='ocr_line' id='line_1_25' title="bbox 367 3885 1482 3976; baseline 0 -22"><span class='ocrx_word' id='word_1_195' title='bbox 367 3895 491 3956; x_wconf 89' lang='lat' dir='ltr'><strong>rectam</strong></span> <span class='ocrx_word' id='word_1_196' title='bbox 507 3887 734 3955; x_wconf 84' lang='lat' dir='ltr'><strong>mandatorum</strong></span> <span class='ocrx_word' id='word_1_197' title='bbox 751 3885 885 3956; x_wconf 88' lang='lat' dir='ltr'><strong>Domini</strong></span> <span class='ocrx_word' id='word_1_198' title='bbox 901 3890 1052 3960; x_wconf 88' lang='lat' dir='ltr'><strong>semitam</strong></span> <span class='ocrx_word' id='word_1_199' title='bbox 1065 3890 1267 3976; x_wconf 84' lang='lat' dir='ltr'><strong>gradientes,</strong></span> <span class='ocrx_word' id='word_1_200' title='bbox 1288 3897 1402 3957; x_wconf 90' lang='lat' dir='ltr'><strong>eterne</strong></span> <span class='ocrx_word' id='word_1_201' title='bbox 1413 3889 1482 3955; x_wconf 90' lang='lat' dir='ltr'><strong>beu-</strong></span> 
     </span>
     <span class='ocr_line' id='line_1_26' title="bbox 368 3994 1483 4079; baseline 0.001 -17"><span class='ocrx_word' id='word_1_202' title='bbox 368 3995 517 4062; x_wconf 91' lang='lat' dir='ltr'><strong>titudinis</strong></span> <span class='ocrx_word' id='word_1_203' title='bbox 534 3994 657 4078; x_wconf 91' lang='lat' dir='ltr'><strong>gaudia</strong></span> <span class='ocrx_word' id='word_1_204' title='bbox 682 4004 936 4079; x_wconf 90' lang='lat' dir='ltr'><strong>consequantur.</strong></span> <span class='ocrx_word' id='word_1_205' title='bbox 954 3999 1053 4064; x_wconf 91' lang='lat' dir='ltr'><strong>Porro</strong></span> <span class='ocrx_word' id='word_1_206' title='bbox 1075 3998 1120 4066; x_wconf 92' lang='lat' dir='ltr'><strong>ad</strong></span> <span class='ocrx_word' id='word_1_207' title='bbox 1138 3997 1222 4064; x_wconf 91' lang='lat' dir='ltr'><strong>hane</strong></span> <span class='ocrx_word' id='word_1_208' title='bbox 1250 3997 1483 4066; x_wconf 87' lang='lat' dir='ltr'><strong>beatitudinem</strong></span> 
     </span>
     <span class='ocr_line' id='line_1_27' title="bbox 369 4103 1483 4191; baseline 0 -20"><span class='ocrx_word' id='word_1_209' title='bbox 369 4103 613 4187; x_wconf 87' lang='lat' dir='ltr'><strong>assequendam</strong></span> <span class='ocrx_word' id='word_1_210' title='bbox 629 4105 820 4172; x_wconf 88' lang='lat' dir='ltr'><strong>necessario</strong></span> <span class='ocrx_word' id='word_1_211' title='bbox 838 4106 1000 4191; x_wconf 85' lang='lat' dir='ltr'><strong>exigitur,</strong></span> <span class='ocrx_word' id='word_1_212' title='bbox 1028 4115 1062 4174; x_wconf 91' lang='lat' dir='ltr'><strong>ut</strong></span> <span class='ocrx_word' id='word_1_213' title='bbox 1079 4107 1160 4173; x_wconf 89' lang='lat' dir='ltr'><strong>fides</strong></span> <span class='ocrx_word' id='word_1_214' title='bbox 1180 4105 1371 4191; x_wconf 80' lang='lat' dir='ltr'><strong>Catholica,</strong></span> <span class='ocrx_word' id='word_1_215' title='bbox 1391 4127 1483 4190; x_wconf 83' lang='lat' dir='ltr'><strong>quarn</strong></span> 
     </span>
     <span class='ocr_line' id='line_1_28' title="bbox 369 4210 1483 4298; baseline 0.003 -20"><span class='ocrx_word' id='word_1_216' title='bbox 369 4219 478 4298; x_wconf 90' lang='lat' dir='ltr'><strong>tenet,</strong></span> <span class='ocrx_word' id='word_1_217' title='bbox 503 4210 727 4297; x_wconf 89' lang='lat' dir='ltr'><strong>prophitetnr,</strong></span> <span class='ocrx_word' id='word_1_218' title='bbox 754 4221 786 4282; x_wconf 91' lang='lat' dir='ltr'><strong>et</strong></span> <span class='ocrx_word' id='word_1_219' title='bbox 803 4213 897 4282; x_wconf 87' lang='lat' dir='ltr'><strong>docet</strong></span> <span class='ocrx_word' id='word_1_220' title='bbox 918 4215 1138 4283; x_wconf 87' lang='lat' dir='ltr'><strong>Sacrosaneta</strong></span> <span class='ocrx_word' id='word_1_221' title='bbox 1162 4215 1310 4284; x_wconf 89' lang='lat' dir='ltr'><strong>Romana</strong></span> <span class='ocrx_word' id='word_1_222' title='bbox 1326 4217 1483 4296; x_wconf 77' lang='lat' dir='ltr'><strong>Ecclesia,</strong></span> 
     </span>
     <span class='ocr_line' id='line_1_29' title="bbox 370 4321 1483 4409; baseline 0.004 -23"><span class='ocrx_word' id='word_1_223' title='bbox 370 4326 476 4389; x_wconf 83' lang='lat' dir='ltr'><strong>mater</strong></span> <span class='ocrx_word' id='word_1_224' title='bbox 492 4321 569 4390; x_wconf 86' lang='lat' dir='ltr'><strong>fidei</strong></span> <span class='ocrx_word' id='word_1_225' title='bbox 586 4325 619 4385; x_wconf 90' lang='lat' dir='ltr'><strong>et</strong></span> <span class='ocrx_word' id='word_1_226' title='bbox 635 4321 805 4407; x_wconf 85' lang='lat' dir='ltr'><strong>magistra,</strong></span> <span class='ocrx_word' id='word_1_227' title='bbox 823 4323 874 4389; x_wconf 91' lang='lat' dir='ltr'><strong>cui</strong></span> <span class='ocrx_word' id='word_1_228' title='bbox 889 4324 967 4391; x_wconf 90' lang='lat' dir='ltr'><strong>lieet</strong></span> <span class='ocrx_word' id='word_1_229' title='bbox 982 4331 1015 4391; x_wconf 88' lang='lat' dir='ltr'><strong>et</strong></span> <span class='ocrx_word' id='word_1_230' title='bbox 1031 4323 1182 4392; x_wconf 90' lang='lat' dir='ltr'><strong>immeriti</strong></span> <span class='ocrx_word' id='word_1_231' title='bbox 1198 4325 1416 4409; x_wconf 88' lang='lat' dir='ltr'><strong>presidemus,</strong></span> <span class='ocrx_word' id='word_1_232' title='bbox 1430 4323 1483 4390; x_wconf 89' lang='lat' dir='ltr'><strong>iir-</strong></span> 
     </span>
     <span class='ocr_line' id='line_1_30' title="bbox 372 4427 1484 4502; baseline 0.003 -6"><span class='ocrx_word' id='word_1_233' title='bbox 372 4429 467 4496; x_wconf 90' lang='lat' dir='ltr'><strong>miter</strong></span> <span class='ocrx_word' id='word_1_234' title='bbox 482 4439 512 4494; x_wconf 90' lang='lat' dir='ltr'><strong>et</strong></span> <span class='ocrx_word' id='word_1_235' title='bbox 537 4427 768 4500; x_wconf 84' lang='lat' dir='ltr'><strong>inviolabiliter</strong></span> <span class='ocrx_word' id='word_1_236' title='bbox 793 4437 952 4498; x_wconf 88' lang='lat' dir='ltr'><strong>teneatur.</strong></span> <span class='ocrx_word' id='word_1_237' title='bbox 978 4432 1048 4499; x_wconf 88' lang='lat' dir='ltr'><strong>Heu</strong></span> <span class='ocrx_word' id='word_1_238' title='bbox 1064 4433 1150 4501; x_wconf 89' lang='lat' dir='ltr'><strong>enirn</strong></span> <span class='ocrx_word' id='word_1_239' title='bbox 1177 4431 1326 4502; x_wconf 85' lang='lat' dir='ltr'><strong>caritatis</strong></span> <span class='ocrx_word' id='word_1_240' title='bbox 1353 4439 1405 4499; x_wconf 89' lang='lat' dir='ltr'><strong>est</strong></span> <span class='ocrx_word' id='word_1_241' title='bbox 1420 4433 1484 4501; x_wconf 90' lang='lat' dir='ltr'><strong>riu·</strong></span> 
     </span>
     <span class='ocr_line' id='line_1_31' title="bbox 372 4535 1484 4624; baseline 0.007 -20"><span class='ocrx_word' id='word_1_242' title='bbox 372 4538 479 4606; x_wconf 91' lang='lat' dir='ltr'><strong>culum</strong></span> <span class='ocrx_word' id='word_1_243' title='bbox 495 4544 529 4606; x_wconf 88' lang='lat' dir='ltr'><strong>et</strong></span> <span class='ocrx_word' id='word_1_244' title='bbox 542 4537 642 4605; x_wconf 88' lang='lat' dir='ltr'><strong>totius</strong></span> <span class='ocrx_word' id='word_1_245' title='bbox 658 4535 826 4624; x_wconf 89' lang='lat' dir='ltr'><strong>religionis</strong></span> <span class='ocrx_word' id='word_1_246' title='bbox 836 4539 1044 4609; x_wconf 89' lang='lat' dir='ltr'><strong>sanctissime</strong></span> <span class='ocrx_word' id='word_1_247' title='bbox 1055 4541 1311 4610; x_wconf 81' lang='lat' dir='ltr'><strong>fundamentum.</strong></span> <span class='ocrx_word' id='word_1_248' title='bbox 1328 4541 1400 4612; x_wconf 85' lang='lat' dir='ltr'><strong>Heu</strong></span> <span class='ocrx_word' id='word_1_249' title='bbox 1416 4563 1484 4612; x_wconf 90' lang='lat' dir='ltr'><strong>rea·</strong></span> 
     </span>
     <span class='ocr_line' id='line_1_32' title="bbox 371 4647 1485 4738; baseline 0 -23"><span class='ocrx_word' id='word_1_250' title='bbox 371 4657 425 4716; x_wconf 89' lang='lat' dir='ltr'><strong>tus</strong></span> <span class='ocrx_word' id='word_1_251' title='bbox 442 4661 619 4734; x_wconf 83' lang='lat' dir='ltr'><strong>expurgat,</strong></span> <span class='ocrx_word' id='word_1_252' title='bbox 646 4651 771 4714; x_wconf 82' lang='lat' dir='ltr'><strong>mentes</strong></span> <span class='ocrx_word' id='word_1_253' title='bbox 786 4647 954 4736; x_wconf 78' lang='lat' dir='ltr'><strong>purificat,</strong></span> <span class='ocrx_word' id='word_1_254' title='bbox 980 4653 1135 4720; x_wconf 85' lang='lat' dir='ltr'><strong>tenebras</strong></span> <span class='ocrx_word' id='word_1_255' title='bbox 1152 4648 1361 4718; x_wconf 86' lang='lat' dir='ltr'><strong>infidelitatis</strong></span> <span class='ocrx_word' id='word_1_256' title='bbox 1387 4650 1485 4738; x_wconf 81' lang='lat' dir='ltr'><strong>lugat,</strong></span> 
     </span>
    </p>
   </div>
   <div class='ocr_carea' id='block_1_3' title="bbox 0 0 1581 5180">
    <p class='ocr_par' dir='ltr' id='par_1_3' title="bbox 0 0 1581 5180">
     <span class='ocr_line' id='line_1_33' title="bbox 0 0 1581 5180; baseline 0 0"><span class='ocrx_word' id='word_1_257' title='bbox 0 0 1581 5180; x_wconf 95' lang='lat' dir='ltr'><strong> </strong></span> 
     </span>
    </p>
   </div>
  </div>
 </body>
</html>
