3094 5168
124 1103 191 1168 III.
208 1101 319 1167 Erudre
342 1101 452 1188 btroty
477 1105 652 1190 megerb'er'ti
667 1106 777 1170 latoria
801 1105 1083 1196 ulorazciphirriooh
1107 1113 1254 1180 Zarrchrdr

123 1206 488 1297 uArkybaoozomtob
512 1210 709 1298 helysepekre
733 1215 908 1279 ooruutlroeci
930 1217 1045 1284 iteletet
1060 1221 1091 1285 6⁸
1108 1221 1254 1308 interjo-

485 1319 555 1383 τάπ’
569 1318 780 1388 hatdrozatdt.
797 1322 895 1389 1300.

231 1515 384 1584 Andreas
395 1513 458 1583 Dei
468 1516 585 1602 grauia
594 1517 772 1603 Hungarie,
786 1519 967 1604 Dalmatio,
980 1522 1129 1608 Grouoie,
1139 1529 1253 1606 Reme,

123 1625 252 1712 Seruio,
270 1625 422 1708 bellicio,
441 1627 633 1694 Lodomerie
643 1676 653 1711 ,
670 1629 838 1713 Cumanis,
860 1629 1082 1717 Bulgarieque
1097 1633 1169 1700 Rex
1186 1655 1254 1702 om·

122 1735 220 1802 nibus
237 1733 359 1801 Christi
375 1732 505 1800 hdiibus
525 1739 592 1801 tam
613 1736 835 1820 presentibus,
860 1755 958 1821 quam
975 1737 1091 1806 futuris
1115 1759 1254 1824 presens

122 1844 282 1928 seriptum
298 1840 493 1926 inspeomris
504 1843 641 1909 salutem
654 1842 687 1907 in
699 1844 842 1909 omnium
860 1846 1037 1915 saluatore.
1054 1847 1106 1914 Ad
1122 1848 1252 1918 uniuer-

122 1970 234 2017 sorum
250 1950 406 2017 noticiam
430 1949 545 2016 harum
562 1951 648 2018 serie
674 1953 824 2018 uolumus
846 1955 1027 2039 peruenire,
1045 1959 1132 2038 quud
1149 1959 1250 2044 biugi·

122 2065 190 2125 ster
207 2058 325 2128 Gallus
351 2059 471 2126 (iustos
496 2059 668 2144 Albensis‚
696 2059 856 2146 speoialis
871 2064 1011 2131 olerious
1037 2063 1176 2134 Domine
1191 2069 1252 2135 Re⁴

122 2167 198 2254 gine
214 2165 390 2234 karissime
416 2165 578 2233 oonsortis
594 2175 717 2255 nostre,
733 2169 806 2237 vioe
823 2175 854 2235 et
871 2170 1002 2237 nomine
1026 2171 1172 2240 eiusdem
1198 2197 1251 2243 ex·

122 2272 230 2342 hibuit
245 2273 340 2342 nobie
366 2272 574 2359 priuilegium
595 2273 731 2341 Comitis
759 2275 919 2360 Stephani
945 2273 1165 2348 Viae-Judiois
1191 2280 1252 2347 Ou-

120 2386 169 2450 rie
183 2389 298 2449 nostre
315 2380 511 2468 superfacto
527 2382 740 2463 quarumdem
757 2389 916 2472 terrarum
933 2402 993 2451 eeu
1003 2388 1249 2469 possessionum

123 2491 277 2560 Zuruhuk
293 2497 327 2557 et
346 2487 674 2576 Arkybanazurohuh
688 2497 879 2560 voratarum
904 2491 1108 2579 confectum,
1135 2501 1252 2579 petens
1385 2535 1389 2544 ·

121 2599 254 2664 anobis
271 2617 345 2664 oum
362 2597 549 2685 instrenuo,
566 2606 601 2666 ut
627 2597 767 2666 eundem
784 2596 871 2687 (tgy)
893 2599 1058 2670 ratihoure
1074 2610 1107 2670 et
1132 2623 1251 2689 appro-

121 2707 212 2789 bare,
232 2705 321 2772 etde
341 2705 546 2792 benignitate
572 2707 676 2790 Regia
701 2713 812 2773 nostro
838 2705 1013 2793 priuilegio
1040 2709 1251 2794 dignaremur

120 2813 322 2882 confirmare.
341 2813 442 2880 Cuius
461 2812 592 2896 quidem
608 2813 774 2899 priuilegii
790 2822 884 2884 tenor
899 2816 977 2882 talis
995 2821 1070 2882 est:

228 2919 299 2987 Nos
315 2921 432 2989 (tomes
458 2923 647 3008 Stephanus
664 2921 866 2992 vioe-Judex
883 2923 980 2992 Gurie
1004 2922 1128 2990 domini
1145 2924 1248 3010 Regis

121 3030 185 3097 sib.
200 3035 283 3108 (mint
298 3037 416 3093 ientebb
435 3039 507 3093 154.
524 3058 562 3093 sz.
583 3037 622 3110 a.)

228 3140 297 3205 Nos
314 3135 414 3223 igitur
430 3138 524 3204 iustis
540 3138 761 3222 peticionibus
778 3139 924 3207 eiusdem
946 3137 1041 3226 (igy)‚
1057 3141 1163 3225 ipsum
1181 3139 1245 3226 pri·

121 3245 278 3332 uilegium
294 3264 359 3313 non
379 3246 555 3331 abrasum,
582 3267 648 3312 nou
675 3248 913 3332 cancellatum,
938 3267 1002 3314 neo
1018 3248 1052 3313 in
1067 3247 1180 3330 aliqua
1196 3247 1249 3314 sui

120 3361 216 3439 parte
235 3352 389 3420 viciatum
400 3357 505 3420 ratum
516 3353 676 3422 habentes
693 3362 725 3422 et
741 3361 922 3441 arreptum,
939 3357 980 3422 de
997 3357 1099 3423 verbo
1118 3354 1162 3422 ad
1178 3373 1249 3422 uer-

119 3465 196 3530 bum
213 3463 421 3547 presentibus
449 3461 549 3529 inseri
574 3463 710 3530 seoimus
736 3461 876 3550 duplicis
893 3462 995 3548 sigilli
1020 3463 1123 3530 nostri
1138 3463 1247 3531 muni-

119 3571 206 3639 mine
223 3571 420 3640 roborando.
438 3573 561 3640 Datum
576 3592 635 3659 per
651 3593 766 3642 munus
782 3571 846 3640 riri
862 3573 997 3640 disereti
1008 3573 1161 3660 Magistri
1179 3573 1248 3640 Ste

120 3680 235 3766 phany
251 3679 487 3747 Archidiaooni
511 3681 668 3749 Albensis
686 3681 837 3749 Eoolesie
854 3681 1094 3749 Transsiluane
1111 3683 1250 3749 aulenu-

118 3796 184 3854 stre
200 3787 493 3855 Vico-Oanoeiiarii
505 3786 618 3855 dilecti
631 3795 662 3853 et
673 3787 905 3873 fidelisnootri,
923 3809 1010 3856 anno
1031 3788 1164 3856 Domini
1175 3787 1247 3854 mil·

117 3893 231 3964 iosimo
247 3895 487 3978 trecentesimo,
504 3899 599 3962 sexto
617 3894 781 3963 kalendas
798 3895 897 3978 Junii‚
916 3891 1119 3983 Renni(tgy)
1135 3901 1244 3962 autem

120 4002 223 4070 nostri
240 4022 328 4072 anuo
345 4003 483 4070 decimo.

307 4194 453 4264 (Eredetie
467 4215 485 4255 a
498 4195 661 4270 uesnpremi
673 4197 815 4271 haptalan
829 4195 1054 4267 lerelthrhban.)
