3072 5168
550 345 705 454 *er-

47 541 115 610 bet
130 544 210 614 naui
225 564 298 614 onrn
313 543 442 614 salibus
459 543 675 614 descendenti
690 544 728 610 in
745 543 856 612 villam
873 563 968 613 snam
987 543 1114 614 Oronos
1130 561 1186 612 ro-

52 657 195 736 eatam,
222 652 340 738 viginti
358 655 448 722 sales
465 652 598 722 ratione
621 650 737 722 tributi
753 653 885 738 exigere
902 653 1008 739 possit
1023 672 1083 738 pro
1101 673 1137 722 se
1154 659 1187 718 et

53 759 209 844 habere,
234 765 267 828 et
281 758 411 830 demum
436 763 545 850 ipsum
572 761 732 829 tributum
748 759 902 830 dominus
923 761 1101 829 Ledislans
1118 760 1188 826 Rex

54 866 169 934 irater
184 871 296 934 noster
319 869 483 955 patruelis
509 867 660 936 similiter
676 887 737 936 suo
757 868 930 954 priuilegio
956 867 1120 936 mediante
1136 888 1187 936 eo·

57 975 142 1042 dem
158 975 266 1062 modo,
292 983 390 1064 prout
406 977 560 1048 dominns
587 981 657 1048 Rex
684 977 875 1062 Stephanus
900 977 986 1064 patri
1010 976 1114 1062 ipsius
1128 980 1187 1045 Lo-

56 1081 178 1150 thardi
188 1083 272 1151 Beni
282 1084 477 1170 contulerat,
489 1105 549 1170 pro
559 1086 736 1171 meritorijs
746 1086 898 1172 seruieijs
908 1086 1013 1172 ipsius
1029 1083 1189 1154 Lotbardi

58 1191 150 1258 Bani
162 1191 334 1278 qnondam
359 1194 492 1260 domino
508 1193 668 1262 Lndislao
684 1193 766 1278 Regi
782 1200 859 1261 tune
886 1195 1046 1280 impensis
1057 1243 1066 1279 ,
1092 1212 1188 1277 quum

59 1297 261 1384 Jouohynns
277 1299 390 1366 Banus
406 1308 439 1368 et
464 1301 612 1388 prefatus
638 1301 821 1368 Lotbardus
837 1301 948 1370 Banue
965 1323 1005 1369 ex
1030 1304 1186 1387 precepto

62 1408 173 1492 ipsius
191 1406 342 1473 Ladislai
358 1407 456 1493 Regis
481 1408 527 1476 ad
544 1407 784 1476 deuastandnm
810 1409 957 1494 Regnum
973 1409 1107 1476 Austrie
1123 1409 1188 1475 ine-

62 1521 141 1581 rant
157 1525 274 1582 eontra
300 1515 422 1600 Regem
440 1519 654 1601 Boemorum‚
679 1516 737 1583 vbi
753 1517 839 1584 idem
867 1515 1052 1586 Lotbardus
1078 1518 1189 1584 Banns

63 1622 224 1691 extiterat
239 1624 429 1708 sanoietus3
448 1635 599 1709 preterea
624 1645 684 1710 pro
700 1626 852 1711 sernieijs
869 1625 1016 1694 eiusdem
1031 1625 1189 1692 Lotbardi

64 1731 164 1817 Bani,
181 1751 220 1798 eo
231 1741 378 1817 tempore
390 1732 522 1802 domino
534 1733 692 1801 Ladislao
710 1733 794 1819 Regi
810 1734 978 1820 impensis,
996 1751 1093 1816 quum
1104 1732 1188 1800 idem

64 1839 222 1908 dominus
237 1839 412 1909 Ladislsns
439 1843 512 1907 Rex
537 1861 608 1910 oum
634 1840 843 1910 multitudine
861 1841 1025 1911 exereitus
1052 1841 1102 1908 sni
1118 1841 1187 1907 iue-

65 1956 120 2015 rat
136 1957 253 2018 eontra
278 1948 462 2018 Otolxarnm
477 1953 602 2036 Regem
628 1952 842 2034 Boemorum,
867 1957 944 2020 tune
969 1950 1078 2036 Regni
1097 1949 1186 2015 Hun-

65 2058 163 2142 garie
179 2056 344 2125 inimicum
367 2059 565 2146 eapitalom,
592 2059 647 2126 vbi
664 2057 768 2128 eoiam
795 2059 981 2145 sepediotus
1001 2056 1189 2125 Lotbardus

66 2167 183 2236 Banus
199 2165 337 2234 viriiiter
352 2168 623 2238 dimieansletale
640 2171 758 2236 uulnus
771 2172 967 2252 aoeeperat3
983 2185 1043 2251 pro
1054 2165 1191 2232 uulnere

67 2279 175 2346 seiam
193 2275 274 2346 dieti
291 2275 451 2344 Lotbardi
462 2279 557 2363 Beni,
574 2279 607 2346 in
625 2277 777 2347 eonflietu
793 2284 908 2346 eontra
925 2277 1113 2361 comanos,
1129 2293 1190 2361 per

66 2387 194 2453 dietum
210 2385 375 2454 dominum
392 2388 515 2474 Regem
532 2388 725 2454 Ladislanm
739 2387 862 2473 habito,
879 2387 936 2454 vbi
952 2387 1039 2454 idem
1055 2382 1190 2450 Lotbar-

67 2494 129 2562 dus
145 2497 260 2565 Banus
276 2498 341 2567 ietu
368 2499 492 2588 sagitte
508 2501 541 2566 in
559 2499 693 2568 sinistro
710 2499 795 2586 pede
811 2500 920 2566 fuerat
945 2498 1141 2585 sagittetur,
1158 2498 1190 2559 et

68 2604 203 2688 quidam
220 2607 323 2674 irater
340 2627 420 2676 suus
437 2607 628 2678 Dominiens
652 2609 783 2674 nomine
806 2605 1017 2682 interfectus,
1042 2604 1105 2691 ipsi
1130 2604 1190 2670 Lo·

66 2713 188 2781 tbardo
213 2715 306 2784 Bano
322 2715 508 2800 reliquisset
533 2723 566 2783 et
583 2719 686 2786 eeiam
713 2715 908 2786 contulisset
933 2709 1193 2800 possidendum

68 2829 222 2908 petentes
239 2823 339 2910 ijdem
356 2826 540 2894 Lotbardus
563 2829 675 2894 Banue
692 2835 725 2896 et
740 2826 917 2894 ladislaus
934 2823 1024 2891 filius
1041 2839 1119 2888 suus
1129 2867 1140 2904 ,
1157 2825 1193 2886 vt

66 2933 177 3018 ipsum
196 2934 352 3000 tributum
369 2954 502 3018 eorum,
529 2943 628 3020 prout
643 2934 841 3022 temporibus
868 2934 1030 3002 diotorum
1045 2928 1191 2998 domino·

67 3059 138 3106 rum
156 3039 282 3127 Regum
299 3040 463 3110 babuisse
488 3047 521 3108 et
538 3041 727 3128 pereepisse
744 3040 974 3124 dinoscuntur,
995 3023 1078 3124 ipsis
1094 3034 1192 3102 relin-

69 3166 172 3232 quere
190 3154 225 3216 et
240 3147 283 3214 de
308 3166 391 3214 nouo
408 3146 560 3217 conferre
584 3145 802 3231 dignaremur.
828 3151 897 3218 Nos
914 3148 1026 3232 itaque
1043 3141 1191 3216 eonside·

67 3257 155 3324 ratis
179 3255 397 3323 fidelitatibus
423 3263 456 3322 et
471 3253 620 3341 sernieijs
644 3254 847 3322 dominorum
873 3252 1036 3321 Lotbardi
1060 3250 1142 3318 Bani
1158 3254 1191 3316 et

68 3363 222 3432 Ladislei
237 3362 297 3450 filij
315 3364 366 3430 sui
391 3363 487 3432 nobis
504 3363 538 3428 in
554 3361 823 3448 expeditionibus
848 3361 971 3429 nostris
997 3366 1110 3428 eontra
1135 3358 1191 3426 do-

70 3475 193 3542 minum
210 3471 376 3540 Albertnm
394 3471 518 3542 Duoem
535 3471 666 3538 Austrie
690 3478 768 3540 tune
794 3471 958 3540 inimieunr
975 3475 1131 3554 nostrum,
1160 3473 1192 3532 et

70 3580 203 3647 demum
220 3581 252 3645 in
269 3582 417 3648 exercitu
433 3586 544 3648 nostro
557 3586 671 3648 eontra
686 3577 772 3647 lilios
790 3579 925 3646 Henriei
941 3577 1066 3660 habito,
1084 3576 1139 3658 qui
1155 3594 1192 3642 se

70 3710 92 3754 a
108 3696 222 3755 nostra
239 3694 446 3754 retraxerant
461 3687 655 3770 Maiestate,
673 3689 841 3774 impensis,
866 3706 906 3752 ex
923 3685 1060 3754 oonsilio
1075 3683 1191 3752 brebi-

69 3797 321 3885 epieeoporum,
346 3794 583 3883 Episeoporum
599 3801 633 3860 et
649 3797 814 3862 Beronum
832 3793 940 3880 Regni
965 3793 1068 3860 nostri
1085 3791 1192 3876 ipsum

70 3905 230 3970 tributum
247 3901 281 3967 in
299 3901 417 3969 Zomus
435 3903 579 3970 existens
596 3924 635 3970 eo
653 3903 722 3970 iure
739 3911 772 3970 et
788 3923 828 3968 ea
849 3900 1066 3989 plenitudine,
1084 3918 1191 3982 quem-

69 4013 252 4080 admodum
279 4011 480 4097 temporibus
504 4011 708 4077 dominorum
725 4013 885 4096 Stephani
914 4021 946 4079 et
962 4009 1109 4077 Ladislsi
1132 4008 1192 4074 Re

70 4142 148 4208 gum
166 4121 310 4208 ipsorum
338 4121 515 4208 priuilegio
531 4120 697 4186 mediante
715 4120 803 4185 idem
830 4117 1014 4186 Lotbardus
1034 4117 1145 4184 Barrus
1161 4120 1195 4182 et

71 4229 161 4297 lilius
176 4247 256 4296 suus
273 4227 432 4296 babuisse
449 4227 670 4310 dinoscuntur,
690 4225 773 4310 ipsis
789 4223 954 4292 Lotbardo
974 4223 1066 4291 Bane
1082 4229 1114 4291 et
1130 4223 1192 4289 La·

71 4339 181 4406 dislao
197 4335 266 4404 filio
282 4357 343 4406 sno
360 4357 401 4402 ao
418 4356 529 4404 eorum
540 4335 729 4418 heredibus,
743 4333 962 4417 heredumque
973 4352 1103 4400 snorum
1121 4350 1192 4398 sue·
1327 4381 1330 4390 r

71 4447 258 4518 cessoribns
275 4445 476 4529 reliquimus,
494 4443 644 4513 dedimus
660 4450 692 4509 et
708 4443 750 4510 de
767 4461 852 4510 nouo
877 4441 1076 4510 contulimus
1092 4439 1194 4526 perei-

71 4557 238 4642 piendum‚
256 4553 501 4642 possidendum,
518 4554 697 4622 tenendum
715 4561 749 4619 et
765 4551 960 4619 habendum.
985 4551 1022 4618 ln
1040 4555 1130 4618 euius
1145 4549 1194 4616 rei

73 4663 266 4734 memoriam
290 4667 547 4748 perpetuamque
572 4661 759 4728 firmitatem
776 4665 947 4745 presentes
973 4658 1193 4728 eoncessimus

994 4767 1035 4837 51
