3072 5168
382 1187 447 1252 111.
466 1187 573 1252 ffirdre
584 1184 690 1273 tiroly
704 1185 882 1275 meysrlidti
897 1185 955 1252 IV.
973 1185 1151 1250 Metlonak
1166 1185 1259 1250 Zoioh
1275 1183 1436 1272 lelyufqet
1451 1189 1500 1251 ot

551 1297 619 1360 orire
643 1299 789 1362 rzootdra
804 1295 1018 1381 admnooyoso
1032 1295 1211 1381 olorsdoyrit.
1229 1294 1326 1356 1294.

487 1511 554 1578 Nos
569 1509 719 1578 Andreas
744 1511 808 1578 Dei
824 1507 936 1592 grooil
952 1511 1022 1578 Rex
1044 1507 1220 1596 Hnngarie
1239 1509 1401 1576 memorie
1420 1527 1497 1577 oon·

379 1617 808 1704 mendsntsssignitioemns,
819 1617 939 1702 quibus
947 1616 1082 1702 expedit
1092 1627 1203 1684 tenore
1215 1617 1426 1699 presencium
1435 1617 1496 1682 nni·

379 1728 501 1808 vorsis,
518 1727 605 1808 qnod
625 1745 756 1794 sorores
773 1726 814 1792 de
840 1727 953 1793 Insnle
978 1727 1082 1792 Beato
1108 1725 1253 1807 Virginis
1278 1725 1494 1791 exhibuerunt

379 1835 473 1902 nobis
483 1833 643 1917 quosdam
661 1841 810 1919 patentes
820 1835 948 1902 litteras
965 1833 1111 1901 Lndislsi
1130 1837 1270 1903 oondom
1281 1835 1427 1903 illustris
1442 1835 1494 1900 Be·

381 1944 431 2028 gis
448 1941 613 2025 ilungsrie
630 1960 729 2026 snper
746 1941 830 2009 isoio
842 1943 1008 2008 cniusdam
1024 1943 1243 2028 possessionis
1259 1931 1363 2010 Zoiolr'
1374 1949 1491 2010 veeste

379 2051 563 2124 coniectes,
579 2055 728 2132 petentes
753 2067 813 2114 nos
831 2049 995 2114 humiliter
1012 2055 1045 2114 et
1061 2049 1194 2136 devote,
1219 2057 1253 2115 vt
1270 2051 1361 2136 ipsas
1378 2063 1489 2134 paten-

381 2163 432 2224 tes
449 2157 577 2226 litteras
594 2155 807 2238 ratihabere,
829 2161 861 2221 et
872 2155 992 2224 nostris
1002 2155 1188 2240 petentibus
1205 2157 1323 2224 litteris
1338 2156 1487 2244 dignere·

382 2285 451 2330 mor
472 2263 670 2332 confirmare.
695 2263 839 2344 Quorum
856 2262 987 2346 quidem
1003 2267 1188 2350 parensium
1209 2266 1376 2334 literarum
1403 2277 1490 2333 tenor

382 2373 459 2444 telis
475 2379 527 2438 ost
543 2395 551 2438 ι

487 2481 556 2548 Nor
573 2477 747 2545 Lodislons
763 2481 826 2545 ert.
845 2483 1023 2556 (reversans
1046 2489 1093 2544 rv.
1111 2487 1211 2544 noento
1227 2489 1321 2560 rrnry
1341 2489 1486 2562 armonya,

380 2593 456 2665 mely
471 2591 615 2648 olveshstt
630 2591 864 2664 Olminyttrunk
881 2593 930 2650 IV.
951 2595 1103 2651 lsiiteteben
1120 2595 1191 2650 340.
1209 2595 1239 2667 1.)

489 2691 559 2760 llos
575 2693 673 2778 igitur
688 2694 781 2761 iustis
799 2700 831 2760 et
855 2695 1007 2778 legitimis
1033 2696 1247 2781 peticionibus
1274 2698 1485 2784 predictarum

383 2823 527 2870 sorornnr
543 2799 766 2868 favorabiliter
788 2800 945 2888 inolinoti,
963 2805 1109 2890 prefatos
1126 2813 1276 2889 petentes
1292 2807 1417 2874 litteras
1434 2809 1485 2872 Rs·

383 2914 435 2996 gis
451 2907 596 2978 Ladislsi
613 2927 677 2974 non
694 2911 913 2996 oenoelletes,
931 2933 993 2976 non
1020 2914 1157 2980 abrasas
1173 2914 1378 3000 presentibus
1392 2916 1485 2982 inseri

383 3019 529 3100 lecimus,
540 3013 602 3101 (et)
613 3016 708 3084 dictis
725 3021 887 3086 sororibus
904 3023 1100 3088 snotoritote
1117 3023 1317 3107 presencium
1336 3024 1405 3089 sine
1422 3045 1482 3108 pre·

384 3125 504 3193 iudicio
517 3124 600 3206 juris
617 3123 717 3192 alieni
733 3126 967 3195 confirmamus.
985 3130 1104 3198 Dstnnr
1122 3129 1211 3195 Bnde
1227 3132 1260 3196 in
1278 3127 1481 3197 dieCinernn

385 3253 472 3300 enno
486 3232 620 3301 Domini
646 3231 696 3297 Μο
716 3233 1033 3304 00⁰Lxxxx1v0.

598 3429 900 3515 (comissationes
913 3449 1162 3507 virnnsreroosr.
1182 3453 1284 3521 ouo.)

810 3749 1052 3766 --—--··-
