3094 5168
633 289 697 358 211

89 485 266 568 goniensis
282 485 445 573 Ecclesia,
462 505 593 570 quesne
610 508 697 556 nunc
713 487 884 557 viduitatis
896 488 1042 578 dampna
1061 489 1222 577 deplorat,

89 595 350 678 gubernatorem
367 593 492 664 babeat
508 604 541 663 et
552 604 723 682 rectorem,
738 616 798 682 per
814 615 908 681 quem
925 596 989 664 sibi
1007 597 1223 684 spiritualiter

89 709 124 768 et
140 701 372 788 temporaliter
386 702 597 788 provideatur
613 705 798 786 salubriter,
817 725 857 772 ac
872 707 1025 790 Regnum
1043 706 1159 792 'ipsum
1175 707 1223 774 di-

90 807 225 894 rigatur
240 807 275 876 in
286 811 403 878 melius
415 817 448 878 et
466 811 502 878 in
519 811 584 880 lide
601 831 641 880 ae
657 813 835 883 devotione
851 813 942 883 sedis
959 819 1138 882 memorate
1156 831 1223 880 ser-

88 923 197 984 retur.
211 918 381 1006 Adeoque,
391 919 539 989 utbabet
555 919 724 1006 fidedigna
734 923 863 1009 relatio,
880 929 927 1008 tu,
943 923 999 1009 qui
1015 922 1047 991 in
1063 920 1220 991 Albensis

92 1026 247 1094 Ecclesie
263 1027 519 1112 vesprimiensis
536 1028 688 1099 Diocesis
706 1031 1036 1117 Prepesitumprimo,
1054 1035 1088 1096 et
1110 1030 1221 1100 subse-

90 1143 231 1218 quenter
243 1134 277 1201 iu
293 1136 588 1224 Arebiepiseopum
608 1137 868 1227 strigoniensem
886 1141 1011 1206 electus
1028 1136 1130 1222 fuisti,
1148 1137 1219 1206 ido·

90 1262 174 1310 neus
189 1244 367 1331 reputaris,
383 1249 495 1332 utpote
505 1247 556 1315 rir
567 1245 708 1314 seientia
722 1249 883 1334 preditus,
897 1248 1030 1336 generis
1047 1247 1221 1316 nobilitate

90 1353 283 1438 preclarus,
308 1359 430 1439 potens
454 1355 487 1420 in
513 1356 769 1442 consanguineis
787 1363 819 1422 et
835 1356 963 1440 amieis,
980 1361 1013 1422 et
1028 1356 1062 1422 in
1079 1356 1222 1440 agendis

91 1468 261 1546 expertus,
278 1461 334 1545 qni
350 1459 473 1530 Divina
491 1463 552 1531 tibi
568 1464 687 1549 gratia,
704 1471 882 1550 nostroque
897 1463 1043 1552 presidio
1060 1463 1218 1530 assisten-

92 1569 194 1655 tibus,
210 1579 307 1654 prout
331 1569 472 1638 ereditur
497 1579 530 1640 et
542 1580 704 1658 speratur,
722 1573 907 1640 Ecclesiam
925 1572 1031 1657 ipsam
1054 1570 1222 1658 Strigoni·

92 1698 210 1747 ensem
225 1676 403 1746 defendere
420 1681 554 1766 poteris,
571 1689 604 1750 et
620 1681 706 1750 alias
722 1703 788 1752 non
805 1683 909 1751 solum
926 1681 996 1765 eius
1014 1679 1218 1767 strigonien-

92 1787 148 1868 sis,
166 1793 201 1854 et
216 1787 355 1856 aliarum
372 1786 603 1874 Ecclesiamm,
619 1788 678 1860 sed
694 1788 794 1856 totius
810 1792 914 1877 Regni
930 1789 1025 1856 utilia
1040 1787 1220 1859 efficaciter

92 1914 300 1981 promovere.
318 1892 415 1963 Unde
431 1896 654 1978 attendentes,
672 1895 758 1982 quod
774 1897 803 1963 si
818 1895 1004 1966 huiusmodi
1020 1898 1218 1968 electionum

93 2006 231 2074 tratrem
246 2003 289 2072 de
304 2012 348 2092 te,
371 2003 488 2090 quibus
513 2005 617 2090 aliqui
634 2025 671 2074 se
688 2005 882 2091 opposuisse
899 2013 1090 2088 noscuntur,
1103 2025 1220 2094 prose-

93 2115 180 2180 cutio
197 2119 343 2183 curreret
358 2133 418 2181 sno
438 2120 545 2182 marte
560 2131 601 2180 ao
617 2113 786 2182 ordinario
802 2113 901 2182 modo
920 2114 1123 2200 procederet,
1143 2133 1220 2199 pos·

91 2229 141 2291 set
156 2221 283 2292 diutius
306 2222 484 2308 perdurare
509 2243 582 2290 cum
605 2223 752 2309 ipsarum
767 2223 991 2290 Reelesiarum
1008 2223 1159 2308 dampno,
1176 2240 1217 2290 ao

92 2334 192 2400 etiam
208 2332 293 2400 dicti
308 2333 426 2418 Regni,
436 2338 570 2420 propter
588 2337 761 2419 urgentem
776 2331 1020 2413 necessitatem,
1037 2336 1070 2396 et
1086 2331 1219 2400 eviden-

91 2447 157 2508 tem
173 2439 350 2509 utilitatem
366 2442 523 2527 ipsorum,
549 2439 814 2528 prosecutionem
830 2439 970 2508 eandem
987 2438 1138 2507 duximus
1167 2458 1219 2509 su-

93 2547 318 2630 spendendum
334 2552 460 2633 absque
485 2549 666 2633 preludioio
685 2551 828 2634 partium
846 2566 952 2632 usque
968 2547 1013 2615 ad
1029 2547 1219 2634 beneplaci-

91 2665 161 2726 tum
177 2658 267 2726 dicte
283 2655 400 2742 Sedis3
416 2657 464 2724 ita
480 2655 634 2743 quodper
651 2657 900 2744 suspensionem
917 2655 1102 2724 huiusmodi
1118 2653 1220 2724 niebil

91 2773 263 2836 accrescat
287 2765 437 2853 partibus
462 2765 518 2832 vel
534 2763 731 2832 decrescat:
758 2765 886 2835 interim
912 2771 1032 2848 autem,
1049 2780 1091 2828 ne
1117 2781 1219 2849 super

91 2876 188 2944 dietis
204 2875 421 2945 electionibus
443 2874 674 2960 prosecutione
696 2891 879 2960 suspensa,
896 2877 961 2938 tam
979 2870 1219 2957 strigoniensis

91 3001 191 3067 quam
206 2983 362 3053 Albensis
377 2981 531 3050 Ecclesie
556 2981 744 3067 supradicte
762 2981 982 3068 gubernatore
998 2977 1147 3065 legitimo
1164 2993 1217 3044 ca·

90 3096 195 3176 reaut,
210 3099 245 3158 te
262 3110 303 3156 ex
328 3088 436 3158 officio
452 3093 565 3158 nostro
583 3095 616 3154 et
630 3087 824 3173 Apostolioe
849 3085 1056 3171 plenitudine
1073 3090 1218 3168 potesta·

90 3199 142 3286 tis,
158 3201 194 3267 in
210 3196 437 3286 spiritualibus
454 3203 487 3264 et
511 3196 747 3282 temporalibus
763 3197 1015 3264 Procuratorem
1031 3193 1121 3263 dicte
1136 3193 1217 3264 Stri-

91 3307 262 3393 goniensis
274 3307 538 3390 Ecclesieusque
555 3302 598 3372 ad
614 3304 702 3373 dicte
719 3301 815 3372 Sedis
832 3303 1076 3391 beneplacitum
1087 3303 1217 3371 ordina-

89 3437 172 3504 mus,
189 3417 252 3484 tibi
277 3415 595 3484 administrationem
606 3419 673 3480 tam
685 3412 766 3499 eius,
778 3432 876 3498 quam
888 3411 1140 3480 dieteAlbensis
1155 3415 1216 3481 Rc·

89 3527 265 3594 elesiarum
284 3522 473 3611 generalem
485 3531 518 3592 et
532 3523 672 3592 liberam
689 3523 723 3588 in
738 3521 965 3607 spiritualibus
982 3526 1016 3589 et
1030 3521 1217 3608 temporali-

88 3637 149 3704 bus
161 3633 416 3720 committentes,
432 3651 571 3702 necnon
588 3630 807 3700 concedentes
824 3630 1065 3716 auctoritatem,
1082 3636 1216 3697 contra-

88 3742 233 3813 dictores
251 3743 432 3812 etrebelles
449 3759 690 3828 percensuram
707 3739 982 3823 ecelesiasticam,
1000 3737 1216 3824 spiritualiter

85 3853 161 3922 liter
170 3853 449 3940 ettemporaliter,
462 3852 688 3942 appellatione
698 3849 895 3937 postposita,
907 3846 1151 3936 compescendi;
1167 3846 1216 3913 ita

86 3957 302 4050 tameo,quod
314 3961 456 4030 debonis
465 3958 685 4029 immobilibus
696 3959 875 4028 earundem
882 3955 1105 4026 Ecclesiamm
1114 3955 1216 4024 nichil

85 4071 219 4156 penitus
229 4071 365 4146 alienes,
382 4089 443 4138 nec
459 4070 559 4137 etiam
570 4067 612 4137 de
622 4067 825 4154 paramentis
836 4072 868 4132 et
883 4065 988 4152 libris,
1006 4074 1063 4134 aut
1074 4063 1150 4133 aliis
1165 4083 1215 4129 re-

86 4181 148 4250 bus
164 4179 331 4248 scubonis
348 4179 523 4248 mobilibus
533 4179 605 4247 Deo
622 4179 740 4248 dicatis
752 4196 811 4245 seu
822 4177 953 4245 Diuinis
963 4175 1079 4244 usibus
1090 4173 1215 4259 deputa

86 4289 151 4376 tis3
168 4298 202 4358 et
217 4291 246 4360 si
264 4309 361 4358 secus
373 4288 504 4375 feceris,
521 4285 602 4355 illud
613 4288 816 4356 decernimur
827 4285 953 4353 irritum
971 4291 1004 4350 et
1016 4283 1132 4368 inane3
1148 4301 1214 4350 non

85 4399 296 4466 obstantibus
312 4396 597 4486 appellationibus
613 4394 815 4478 aquibusvis
826 4392 977 4478 personis
989 4410 1212 4476 quorumcum-

85 4527 150 4590 qne
165 4515 317 4577 tenorum
328 4525 370 4574 ex
386 4506 647 4591 quibuscumque
663 4503 771 4570 causis
787 4507 903 4570 contra
919 4501 1065 4586 ipsarum
1082 4499 1214 4568 electio-

85 4637 167 4686 num
182 4617 340 4702 iormam,
368 4616 421 4684 vel
440 4619 602 4683 tramant
626 4612 820 4699 eligentium
836 4619 870 4680 te
885 4629 1047 4697 personas
1074 4605 1213 4692 emissis,

986 4717 1055 4784 14*
