3144 5180
600 299 757 411 A

110 494 217 564 bilem
244 497 376 564 tratrem
402 503 546 566 nostrum
573 541 607 564 ..
634 546 642 563 .
669 497 857 566 Firmanum
883 497 1101 588 Episcopum,
1128 503 1235 573 virum

110 606 228 688 utique
245 607 418 692 providum
434 613 468 672 ot
484 607 678 690 discretum,
703 607 876 674 virtutibus
904 609 1068 694 preditum
1096 617 1129 678 et
1144 613 1233 680 iusti·

109 715 156 778 tir
174 715 361 798 zelatorem,
379 736 451 784 curn
468 715 568 800 plene
584 715 764 801 legationis
781 715 890 784 officio
907 717 1105 804 destinavit,
1131 727 1167 786 ut
1183 721 1234 790 in-

108 823 239 892 directa
255 821 432 910 dirigeret,
458 828 568 890 errata
593 825 775 912 corrigeret
792 831 825 891 et
845 823 1030 892 deformata
1054 825 1235 914 prudenter

108 931 317 1015 reformaret,
335 953 376 1000 ac
393 931 551 1000 evelleret
567 937 600 1000 et
616 933 803 1003 destrueret
818 933 909 1010 vitia,
926 933 1158 1018 plantaretque
1175 938 1234 1003 vir·

111 1045 212 1121 tutes,
231 1058 269 1104 ac
284 1041 376 1106 iuxta
392 1040 535 1126 gratiam
560 1061 581 1107 a
596 1041 737 1108 Domino
753 1042 816 1108 sibi
832 1041 944 1108 datam
970 1041 1159 1112 huiusmodi
1177 1066 1233 1130 pe·

110 1149 226 1216 riculis
243 1146 390 1214 obviaret
406 1170 414 1211 :
432 1149 599 1234 peronius
616 1149 830 1217 ministerium
846 1151 1020 1234 providum
1037 1160 1069 1219 et
1085 1153 1231 1238 pruden-

109 1261 193 1325 tiam
209 1257 478 1344 ciroumspectam
496 1259 618 1336 multa,
634 1266 730 1344 prout
746 1259 777 1324 in
795 1260 945 1344 partibus
968 1261 1033 1327 illia
1050 1281 1115 1328 non
1131 1263 1232 1330 habe-

109 1375 163 1433 tur
177 1367 392 1452 incognitum,
416 1365 461 1434 ad
477 1367 595 1435 bonnm
612 1375 645 1435 et
661 1365 860 1433 laudabilem
877 1374 998 1434 statum
1014 1389 1232 1455 personarum

110 1475 410 1545 ecclesiasticarum
426 1481 458 1543 et
483 1475 679 1543 secularium
705 1475 783 1543 dicti
807 1477 913 1564 Regni
938 1483 1064 1545 statuta
1092 1485 1126 1545 et
1142 1481 1231 1548 ordi-

109 1593 192 1654 nata
206 1583 345 1666 fuerunt,
364 1584 605 1652 oculisDivine
621 1585 806 1653 Maiestatis
817 1594 966 1672 accepta,
985 1593 1016 1652 et
1037 1587 1101 1674 ipsi
1117 1591 1232 1672 Regno

108 1715 150 1760 ac
167 1694 239 1762 aius
258 1691 500 1759 habitatoribus
518 1694 698 1760 fructuosa.
723 1692 869 1772 Quorum
896 1695 1009 1778 aliqua
1034 1715 1092 1781 per
1117 1694 1232 1762 iamdi-

110 1809 197 1868 ctum
205 1805 326 1884 Regem
340 1800 502 1884 promissa
513 1797 576 1888 (et)
589 1803 696 1870 iurata
707 1803 836 1868 fuerunt
848 1803 907 1869 sub
919 1803 1121 1888 obligatione
1130 1823 1190 1872 sua
1202 1811 1235 1871 et

109 1911 211 1977 ctiam
229 1911 308 1978 dicti
324 1912 429 1995 Regni
448 1936 455 1977 :
474 1911 635 1978 sedidem
660 1912 729 1978 Rex
746 1913 983 1999 promissione,
1001 1913 1184 1981 iuramento
1200 1919 1233 1982 et

109 2021 313 2106 obligatione
330 2019 514 2087 huiusmodi
540 2019 672 2087 omnino
689 2022 891 2107 contemptis,
918 2020 1069 2108 prodicta
1084 2041 1148 2088 non
1166 2041 1231 2090 ser·

108 2129 212 2216 vavit,
229 2127 303 2196 dum
320 2129 456 2215 viveret,
480 2135 512 2197 et
528 2147 564 2196 se
580 2131 768 2214 recognovit
784 2131 883 2197 etiarn
900 2149 965 2196 non
982 2149 1144 2218 servasse,
1169 2130 1229 2199 sio-

108 2246 145 2305 ut
162 2259 204 2306 oa
220 2258 281 2325 per
297 2247 451 2325 patentes
470 2247 634 2326 apparent
650 2239 793 2323 apertius
814 2241 952 2322 litteras,
970 2259 1032 2323 quc
1048 2237 1081 2304 in
1097 2239 1231 2306 archivo

108 2347 207 2415 Sedis
223 2348 415 2433 Apostolioe
441 2357 676 2415 conservantur
693 2370 700 2411 :
719 2345 957 2434 propterquod
982 2346 1015 2410 in
1041 2344 1154 2412 eodeni
1171 2347 1230 2414 Rc·

106 2477 173 2544 gno
190 2457 394 2524 turbationes
410 2455 629 2542 multiplices,
648 2453 871 2525 dissensiones
888 2461 921 2523 et
938 2454 1097 2522 scandala
1114 2457 1232 2542 gravia

106 2567 333 2652 contigerunt,
358 2571 391 2631 et
416 2566 524 2633 adbuc
548 2571 654 2633 status
680 2565 751 2633 eius
768 2564 904 2632 fluctuat
920 2571 953 2631 et
969 2563 1116 2630 vacillat.
1143 2565 1225 2633 Cum

107 2681 221 2744 autem
236 2693 296 2745 nos
312 2681 379 2742 tam
396 2675 581 2760 periculoso
597 2674 701 2760 ipsius
717 2673 822 2758 Regni
839 2675 938 2742 statui
955 2691 1043 2741 more
1061 2672 1107 2757 pii
1125 2675 1230 2760 patris

107 2783 348 2872 compatientes
373 2785 415 2851 ab
432 2783 575 2868 intimis,
601 2783 823 2852 venerabilem
845 2785 981 2851 tratrem
1007 2789 1154 2850 nostrum
1172 2783 1230 2850 Jo-

106 2894 249 2959 hannem
266 2892 400 2962 Rsinnm
413 2891 620 2980 Episcopum,
636 2891 740 2959 virum
751 2893 862 2976 utique
874 2891 1047 2978 providum
1064 2896 1096 2959 et
1107 2891 1228 2958 discre-

106 3007 173 3068 tum
192 3001 237 3069 ad
252 3002 416 3088 prefatum
431 3001 578 3084 Regnum
599 2997 797 3068 fiducialiter
809 3000 1030 3068 destinemus:
1045 3006 1080 3066 ut
1098 2999 1141 3067 ad
1157 3019 1231 3086 par-

105 3117 156 3178 tes
172 3109 250 3176 illas
267 3129 303 3176 se
316 3109 538 3195 personaliter
554 3107 749 3194 conterens,
774 3109 814 3175 dc
831 3115 919 3176 statu
936 3109 1041 3197 ipsius
1058 3108 1174 3193 Regni,
1191 3125 1230 3173 ac

106 3221 178 3288 eius
196 3218 447 3286 circumstantiis
476 3225 509 3286 et
524 3216 762 3293 conditionibus
778 3218 960 3304 universis,
986 3223 1019 3283 et
1035 3217 1178 3300 qualiter
1194 3217 1227 3282 in

105 3328 225 3395 melius
242 3326 342 3412 dirigi
358 3335 388 3393 et
404 3325 574 3396 salubrius
585 3329 697 3394 valeat
712 3325 899 3410 gubernari,
913 3323 1059 3408 fideliter,
1075 3325 1172 3410 plene
1189 3344 1229 3390 ac

105 3437 233 3508 solicite
249 3437 457 3523 informetur,
488 3444 521 3504 et
536 3455 617 3514 nos,
645 3435 761 3518 quibus
776 3437 881 3519 Regni
897 3433 1037 3522 predicti
1057 3440 1168 3518 utpote
1185 3431 1229 3502 ad

105 3551 288 3616 Romanam
314 3543 509 3628 pertinentis
543 3545 728 3611 Ecclesiam
753 3562 832 3610 cura
862 3541 1038 3628 peculiaris
1063 3541 1227 3624 incumbit,

104 3673 165 3741 per
181 3673 254 3720 eum
270 3651 311 3718 de
327 3657 424 3731 statu,
449 3648 690 3718 conditionibus
707 3657 739 3717 et
755 3649 1010 3717 circumstantiis
1028 3647 1227 3736 supradictis

104 3759 276 3830 certificati
301 3757 432 3826 tandem
461 3761 591 3844 plenius
616 3767 650 3826 et
673 3757 843 3843 instructi,
871 3758 959 3827 circa
983 3757 1145 3844 prefatum
1162 3759 1222 3824 Re·

103 3889 206 3954 gnum
221 3875 255 3934 et
279 3873 400 3934 statum
425 3867 512 3934 illius
539 3870 703 3952 possimus
722 3869 766 3938 ad
792 3867 923 3934 laudern
949 3867 1009 3934 Dei
1036 3873 1067 3932 ot
1084 3865 1225 3950 quietem

104 3977 250 4046 fidelium
267 3975 378 4042 utilius
394 3981 428 4042 et
453 3974 616 4044 efficacius
639 3977 820 4062 providere.
845 3975 1005 4058 Quocirca
1031 3973 1225 4042 universita-

103 4095 168 4153 tem
185 4091 329 4154 vestram
346 4103 500 4171 rogamus
526 4093 559 4152 et
575 4086 740 4152 hortamur
756 4093 902 4174 attente,
919 4085 1147 4154 nichilominus
1165 4105 1225 4152 vo·

102 4195 155 4264 bis
181 4214 241 4281 per
257 4194 447 4282 Apostolioa
473 4195 597 4282 scripta
624 4193 831 4277 mandantes,
849 4202 884 4260 ut
906 4191 1101 4262 assistentes
1117 4191 1225 4259 eidem
1293 4267 1302 4280 ἱ

101 4309 192 4373 circa
217 4304 382 4391 premissa
407 4303 556 4371 consiliis
582 4309 615 4369 et
639 4301 771 4370 auxiliis
797 4303 984 4390 oportunis,
1009 4302 1071 4368 stb.
1099 4299 1223 4367 Datum

106 4412 196 4502 apud
214 4411 487 4481 UrbemVeterem
504 4409 578 4480 llll.
595 4429 700 4480 nonas
715 4411 876 4496 ianuarii,
893 4409 1104 4479 Pontificatus
1121 4408 1226 4477 nostri

104 4542 194 4592 anuo
210 4525 315 4589 tertio.

216 4631 252 4698 In
269 4651 297 4698 e.
316 4650 359 4698 m.
369 4630 501 4700 dilectis
516 4628 589 4699 tiliis
606 4628 779 4698 Nobilibus
796 4629 874 4699 viris
890 4627 1047 4712 Ducibus,
1059 4623 1222 4693 ltlarchio·
