3094 5168
836 315 992 422 .„..¹.⁷„⁶.-
1090 382 1092 388 ν

358 516 489 583 nubitur
506 517 612 598 ipsum
629 516 787 582 (inmitem
804 519 933 585 Petrum
955 515 1110 601 expedire
1138 515 1281 600 proprijs
1307 515 1463 582 laboribus

358 635 391 692 et
407 629 571 708 expensis.
598 627 636 692 In
653 627 744 691 onius
761 627 808 692 rei
824 627 1012 694 memoriam
1030 631 1200 710 presentes
1224 623 1374 692 dedimus
1390 624 1463 689 litte·

357 754 413 800 ras
429 733 529 818 sigilli
554 734 658 799 nostri
683 734 859 801 munimine
878 736 1061 816 roboratas,
1086 753 1173 798 auno
1197 733 1328 798 Domini
1343 733 1390 798 Mu
1403 733 1463 799 00⁰

359 839 572 925 nonagesimo
595 839 744 925 septimo.
772 840 894 907 Datum
915 839 967 906 die
984 841 1157 924 Dominjoo
1183 847 1258 922 pust
1283 838 1462 909 Conuersio-

358 967 430 1014 nem
447 948 540 1016 Beati
558 949 653 1034 Paulj
674 950 834 1034 Apostoli.

787 1113 1058 1180 ABG.

359 1303 512 1377 (Hdrtydn.
526 1303 553 1360 Α
566 1307 652 1362 sorok
665 1304 821 1380 vegsaavai
837 1305 1042 1376 almoeddvalu3
1057 1306 1137 1363 azdrt
1150 1327 1168 1363 a
1178 1305 1268 1376 zdujel
1281 1309 1358 1363 kttzti
1372 1305 1400 1362 ds
1411 1303 1466 1360 lue'r-

359 1396 477 1466 dojellel
490 1395 605 1453 ellttott
617 1397 772 1454 saavaludrt
790 1399 836 1469 jot
849 1415 914 1453 nem
928 1398 1015 1453 tllok.
1039 1395 1065 1450 A
1085 1395 1150 1469 me'g
1164 1395 1199 1468 dp
1213 1396 1314 1468 pauset
1325 1395 1466 1452 vbuiiszbld

359 1487 489 1558 selymen
501 1485 580 1561 ltigg.
594 1485 879 1560 Pozsonyldptalani
893 1487 1031 1561 orszdgos
1046 1486 1177 1544 levdltdr.
1197 1487 1294 1559 Capsa
1306 1487 1378 1540 XIV.
1390 1487 1467 1542 Base.
1528 1511 1530 1526 ·

777 1579 803 1634 8.
816 1577 884 1634 Nr0.
896 1579 921 1634 8.
942 1577 1056 1648 Kanna.)

928 1875 1040 1884 ω--υ--α

360 2609 390 2675 Α
406 2609 670 2698 tiltenyikonoeut
686 2607 959 2696 biaoayadylaoaie,
971 2607 1050 2694 boyy
1066 2607 1165 2686 Mete,
1182 2608 1301 2694 eyykor
1323 2608 1357 2672 V.
1373 2611 1468 2674 latudu

359 2721 465 2806 ttrdty
489 2723 708 2806 arnoymtvene,
724 2719 906 2805 zauberdnya'
921 2717 1058 2782 struebat
1076 2740 1097 2779 a
1113 2718 1283 2804 neema-dmi
1302 2715 1470 2803 aqytdmot

747 2826 968 2914 felajdiulotta.
987 2825 1083 2889 1297.

468 3027 535 3094 Nos
546 3027 734 3094 (ionueutus
744 3024 935 3110 Monasteuij
945 3021 1156 3090 Tikoniensis
1173 3021 1398 3109 significamus
1412 3023 1470 3105 qui·

361 3137 421 3203 bus
438 3133 569 3221 expedit
584 3139 696 3200 tenore
712 3133 915 3219 presenoium
933 3131 1106 3216 uniuersis,
1123 3134 1212 3215 quod
1229 3132 1378 3200 blatbeus
1394 3132 1469 3198 auri-

361 3243 454 3312 faber
471 3243 633 3326 quondam
650 3239 772 3309 domiui
789 3241 949 3327 Stephani
965 3239 1064 3324 Regis
1081 3239 1261 3326 Hungauie,
1279 3239 1322 3306 ad
1337 3249 1470 3308 nostram

361 3351 576 3438 personaliter
591 3349 754 3420 aceedens
779 3349 1000 3436 presenciam,
1026 3347 1197 3417 eoniesaus
1222 3349 1333 3416 extitit
1350 3350 1471 3416 oraculo

363 3460 439 3528 uiue
455 3461 556 3536 voeis,
569 3459 658 3541 quod
674 3461 747 3542 ipse
761 3464 863 3523 totam
881 3455 1175 3541 possessionariam
1192 3457 1472 3544 portionemsuam
1526 3461 1527 3472 ¹

362 3568 395 3634 in
413 3566 580 3653 Zarbeuyn
596 3567 754 3649 habitam,
771 3584 866 3647 quam
885 3584 926 3632 ex
950 3565 1131 3633 uollaoione
1148 3565 1251 3650 ipsius
1268 3565 1391 3634 domini
1407 3567 1473 3632 Ste-

363 3675 465 3761 phani
480 3675 579 3759 Bagis
598 3675 787 3759 habuisset,
814 3693 878 3756 que
904 3671 1065 3755 quondam
1083 3674 1269 3742 Salomonis
1293 3675 1353 3741 lilii
1370 3671 1473 3754 Falob,

364 3783 526 3867 quondam
542 3781 662 3851 nubilis
678 3781 720 3850 de
736 3781 810 3867 ipsa
824 3781 906 3848 villa
926 3781 1106 3868 Zauberyn,
1116 3782 1256 3850 bominis
1273 3783 1347 3850 sine
1363 3777 1473 3848 herede

362 3889 562 3972 decedentis,
581 3889 706 3971 luisset,
718 3909 791 3959 eum
807 3890 957 3958 omnibus
972 3889 1040 3955 auis
1057 3891 1266 3976 utilitatibus,
1284 3891 1383 3959 terris
1398 3887 1473 3957 seili-

362 4009 414 4071 eet
430 3999 619 4082 arabilibus,
637 3999 849 4084 sessionibus,
866 3999 980 4082 vineis,
1005 3999 1135 4084 tenetis,
1151 3997 1267 4087 syluis,
1283 4001 1472 4080 nemoribus,

364 4117 397 4176 et
411 4109 486 4176 aliis
503 4105 699 4190 quibuslibet
716 4107 942 4192 pertineneiis,
958 4107 1052 4175 iuxta
1068 4108 1247 4194 legitimam
1268 4109 1473 4178 statuuionem

361 4235 421 4304 per
436 4217 602 4284 bominem
618 4216 755 4300 Regium
766 4215 1027 4284 attestimonium
1043 4215 1233 4284 (innuentus
1243 4215 1473 4284 (irueilerorum

362 4325 404 4394 de
420 4323 508 4394 Alba
524 4323 586 4390 sibi
605 4323 739 4409 laetam,
750 4328 784 4388 et
793 4322 996 4408 postmodum
1013 4343 1072 4408 peu
1088 4323 1226 4394 eundem
1240 4323 1407 4392 dominum
1424 4323 1475 4389 lte·
1518 4377 1520 4381 .

362 4451 437 4519 gem
454 4430 672 4500 mediantibus
683 4431 944 4517 priuilegialibus
954 4431 1072 4498 litten's
1089 4431 1157 4498 suis
1173 4432 1412 4515 eonfirmatam,
1425 4448 1475 4517 pru

362 4538 506 4609 remedio
520 4542 627 4608 anime
637 4558 698 4607 sue
714 4547 749 4607 st
758 4541 977 4610 auxiliatione
997 4541 1090 4610 Beati
1102 4539 1272 4610 bliebaelis
1282 4537 1475 4626 Arahangeli

367 4647 516 4716 lindesie
533 4657 563 4714 et
580 4649 731 4734 capitulo
755 4649 902 4717 eiusdem
918 4651 1013 4716 Beati
1032 4648 1205 4716 Miebaelis
1223 4649 1264 4716 de
1285 4650 1476 4735 Wespuimio
