3072 5168
563 299 729 403 —mc-

86 503 119 570 in
136 499 279 568 heredes
290 499 449 568 heredum
463 505 496 566 et
512 499 597 572 filios
614 497 752 566 filiorum
764 497 1026 568 inreuocablliter
1036 493 1205 582 possiden·

85 611 182 696 dam,
207 609 394 697 hujusmodi
410 645 454 656 -
472 647 512 656 —
532 645 573 656 -
589 643 632 655 —-
649 611 720 676 ario
748 607 931 677 introducto
947 614 981 674 et
1002 605 1073 672 utili
1089 602 1206 672 'condi-

84 719 181 786 cione
196 720 322 786 inserta
331 767 340 802 ,
370 717 457 800 cuod
473 717 503 782 si
518 717 585 784 ullo
602 735 749 800 unquam
772 722 917 802 tempore
934 712 1144 800 Episcopalis
1161 711 1207 778 di·

84 828 197 915 gnitas
213 830 267 894 uel
282 827 369 894 alius
394 825 526 893 nominc
543 824 614 891 eius
622 878 632 912 ,
658 832 715 890 aut
731 825 842 909 aliquo
858 825 1004 910 legitimo
1030 841 1121 900 casu,
1146 809 1207 906 par

84 957 159 1004 earn
174 935 372 1021 possidens,
387 934 521 1002 racione
547 920 767 1020 possessionis
783 955 844 1019 per
860 931 1033 1020 Oom(item
1049 924 1206 1014 Petrum),

82 1049 219 1114 Sanlum
246 1047 382 1115 bomem
407 1045 573 1134 ciusdem,
599 1053 631 1112 cl
656 1046 848 1128 magistrum
873 1044 1077 1128 Nycolaum,
1104 1035 1206 1108 filium

83 1155 190 1239 ipsius
207 1154 345 1223 Comitis
359 1156 458 1239 Petri,
473 1157 507 1221 in
525 1151 751 1222 concambium
767 1155 947 1239 assignate,
964 1151 1121 1219 suscitata
1138 1169 1205 1215 ma·

83 1261 170 1327 teria
186 1246 369 1344 questionis
394 1279 452 1345 per
468 1260 658 1344 quempiam
679 1259 711 1326 in
728 1261 779 1326 ius
796 1267 979 1342 vocaretur,
997 1264 1030 1324 et
1047 1259 1131 1324 idem
1150 1256 1205 1324 do-

82 1370 191 1437 minns
207 1370 400 1454 Episcopus,
411 1371 467 1436 uel
482 1369 554 1438 eius
566 1387 783 1451 successores,
801 1369 844 1435 ad
860 1367 1088 1436 sustinendam
1102 1366 1205 1449 litem,

83 1485 117 1544 et
133 1475 177 1544 ad
195 1473 437 1543 defendendam
463 1477 570 1559 ipsam
589 1475 853 1558 possessionem,
873 1474 943 1541 iure
960 1479 993 1540 et
1008 1472 1113 1558 Regni
1129 1491 1205 1538 con-

83 1582 259 1654 suetudine
274 1588 409 1650 uetante
427 1603 463 1652 se
479 1581 733 1650 insufficientem
749 1584 919 1667 iudicaret,
938 1602 980 1648 ex
999 1587 1073 1648 tunc
1090 1581 1205 1648 Petrus

82 1695 223 1775 (lomes,
251 1691 410 1778 magister
434 1691 572 1774 Saulus,
609 1699 641 1757 ct
666 1691 822 1778 magister
846 1691 1003 1760 Nicolaus
1034 1689 1201 1776 prelibati,

82 1821 142 1868 nec
158 1821 224 1868 non
241 1809 274 1870 et
290 1821 402 1870 corum
418 1799 569 1876 heredes,
586 1806 754 1886 tamquam
766 1800 984 1886 expeditorcs,
1004 1798 1049 1866 ad
1064 1797 1205 1867 liberan-

82 1912 161 1978 dum
177 1910 441 1997 possessionem,
466 1917 499 1976 et
516 1909 700 1976 Ecclesiam
718 1911 751 1977 in
767 1911 905 1995 pacifica
929 1908 1140 1996 possessione
1157 1914 1204 1973 tu-

82 2021 213 2103 endam,
230 2017 375 2106 proprijs
390 2018 568 2101 laboribus,
586 2023 619 2085 et
635 2019 803 2104 expensis,
821 2016 863 2086 ad
882 2016 1125 2100 requisitionem
1143 2016 1204 2084 Ec·

83 2127 185 2196 clesic
203 2145 371 2194 occurrere
396 2133 579 2194 teneantur.
606 2127 659 2195 Ad
674 2125 759 2192 idern
780 2121 1016 2192 attendendum
1033 2126 1205 2192 observan-

82 2236 172 2320 dum,
191 2258 213 2302 a
228 2243 323 2318 parte
339 2233 441 2302 altera
468 2235 621 2303 dominus
638 2235 826 2323 Episcopus
843 2253 879 2301 se
904 2235 1011 2320 ipsum
1028 2238 1062 2297 et
1085 2232 1117 2297 in
1133 2251 1205 2316 per·

82 2363 166 2410 sona
183 2363 246 2410 aua
261 2343 454 2431 dignitatem
466 2343 700 2429 Episcopalem
717 2344 817 2410 simili
828 2341 1019 2411 condicione
1041 2339 1204 2410 astrinxit.

81 2452 154 2519 Hoc
178 2449 390 2520 nibilominus
416 2451 568 2536 adjecto,
594 2459 630 2518 ut
654 2449 682 2517 si
707 2451 876 2536 possessio
901 2475 921 2520 a
945 2448 1070 2517 Gemite
1096 2451 1204 2530 Petro,

82 2559 186 2627 Snulo
204 2564 236 2624 et
251 2559 403 2646 Nycolao
419 2559 585 2644 magistris
601 2561 699 2643 data,
715 2580 774 2645 per
788 2563 900 2648 ipsos,
925 2559 978 2627 vel
994 2577 1052 2642 per
1067 2556 1206 2624 heredes

79 2667 251 2750 heredum,
268 2669 303 2736 in
318 2667 479 2752 premisso
495 2667 706 2736 necessitatis
723 2669 861 2738 articulo
884 2689 949 2735 uon
966 2673 1082 2751 posset
1097 2663 1207 2733 deleu-

81 2777 161 2860 sari,
178 2782 258 2842 tunc
274 2779 352 2844 villa
368 2776 519 2844 Ecclesi'e
535 2777 682 2863 superius
706 2777 875 2845 nominata
893 2777 925 2841 in
941 2777 992 2842 ius
1010 2783 1043 2841 et
1059 2773 1205 2861 proprie·

80 2892 184 2953 tatem
202 2883 373 2970 Ecclesie,
399 2891 432 2952 et
450 2903 523 2952 curn
550 2885 741 2972 integritate
758 2885 891 2952 rediret.
920 2883 981 2963 Qui
999 2883 1129 2966 quidem
1147 2877 1205 2947 Oo-

80 3012 151 3060 mes
167 2992 307 3073 Petrus,
332 2991 454 3060 Saulus
480 2999 514 3059 et
528 2992 694 3075 Nycolaus
719 2991 886 3076 magistri,
913 2999 980 3059 tarn
996 2988 1205 3078 priuilegium

79 3099 182 3187 Regis
198 3099 369 3184 Stephani,
378 3099 598 3168 donacionem
616 3102 798 3183 continens,
816 3120 913 3184 quam
931 3098 1055 3166 domini
1071 3097 1204 3165 Andree

79 3206 223 3275 illustris
239 3207 340 3290 Regis
357 3205 503 3290 Vngarie
530 3206 825 3293 confirmatorium,
851 3206 1070 3282 mediantibus
1091 3207 1205 3289 quibus

79 3321 203 3384 terram
220 3317 437 3403 possederunt
447 3315 641 3403 predictam,
653 3320 802 3386 manibus
819 3319 941 3386 domini
952 3317 1108 3400 Episcopi
1124 3317 1205 3384 assi·

78 3433 235 3508 guarunt,
260 3443 319 3512 per
343 3446 403 3494 nos
429 3425 597 3494 tamenin
622 3425 764 3494 Camere
789 3425 940 3494 Ecclesie
966 3423 1204 3494 conservanda.

80 3533 178 3601 Vnde
195 3533 258 3601 hec
273 3533 383 3602 omnic
410 3533 558 3617 superins
579 3553 738 3622 expressa
753 3533 868 3604 (lomes
885 3537 1022 3617 Petrus,
1047 3533 1206 3618 magister

78 3644 201 3713 Saulus
219 3649 253 3708 et
269 3643 425 3727 magister
440 3643 609 3730 Nycclaus
634 3664 714 3729 sepe
731 3645 809 3713 dicti
824 3643 1055 3734 promiserunt,
1074 3647 1113 3709 'et
1128 3645 1207 3725 pro-¹

78 3753 249 3820 mittentes
268 3771 304 3816 se
320 3749 506 3838 obligarunt
524 3772 637 3820 omnes
653 3759 741 3840 tres,
767 3754 797 3821 si
813 3753 981 3822 commode
1005 3753 1117 3822 facere
1133 3769 1204 3836 pos-

78 3867 165 3946 sunt,
183 3865 244 3927 aut
260 3857 322 3927 duo
340 3861 392 3925 vel
408 3860 528 3926 saltem
545 3883 627 3929 unus
643 3881 683 3928 ex
700 3864 781 3949 ipsis
797 3863 926 3930 nomine
937 3881 1005 3949 suc,
1024 3866 1055 3926 et
1074 3859 1205 3929 nornine

78 3972 221 4037 aliorum
231 4018 240 4052 ,
264 3969 308 4035 ad
324 3967 530 4052 presenciam
547 3969 668 4039 domini
684 3973 785 4059 Regis
802 3968 1011 4056 accedendo,
1029 3969 1205 4058 Regiisquc

77 4075 277 4162 privilegijs',
294 4096 336 4143 ac
352 4065 505 4164 Capituli,
523 4077 577 4146 ubi
593 4078 679 4146 idem
698 4079 846 4148 dominus
859 4079 1041 4165 Episcopus
1055 4078 1205 4156 uoluerit,

77 4186 184 4255 inseri
212 4183 345 4270 facere,
372 4193 405 4252 ct
430 4187 543 4268 Regiis
568 4187 771 4276 privilegiis,
797 4211 837 4258 cc
862 4189 1003 4258 alterius
1017 4187 1087 4272 (lap
1103 4219 1205 4235 --

77 4296 320 4380 quamnostris
346 4295 430 4364 hunc
446 4305 633 4380 presentem
659 4298 913 4383 permutacionis
938 4304 1138 4365 contractum
1154 4317 1204 4362 ro-

77 4407 211 4472 borarc.
240 4403 283 4469 Vt
299 4401 398 4486 igitur
414 4407 580 4490 presentis
606 4409 863 4492 permutacionis
880 4409 992 4475 titulus
1009 4409 1106 4474 robur
1123 4407 1204 4475 obti-

80 4517 157 4577 nent
173 4516 336 4596 perpetue
361 4509 543 4606 firmitatis,
571 4533 631 4583 nec
646 4536 705 4602 per
721 4515 865 4599 aliquam
887 4515 1035 4602 parcium
1049 4517 1211 4582 exstanti?

79 4625 139 4691 bus
156 4617 410 4690 condicionibus
434 4625 603 4708 premissis
628 4627 733 4712 possit
750 4627 884 4710 aliquali
907 4621 1016 4710 (modo
1032 4619 1204 4712 rescindi),
