3144 5180
890 919 950 986 20.

368 1136 432 1205 ΙΙΙ.
448 1135 556 1202 Errdsc
570 1133 678 1223 kirtly
694 1135 800 1202 Ddoes
823 1133 930 1222 yrdfot
945 1135 1031 1200 Jsrt
1038 1136 1103 1220 fidt
1128 1135 1266 1200 Radvdn
1290 1135 1394 1201 &cols
1402 1136 1493 1223 seld-

679 1247 726 1311 ccl
741 1243 974 1332 adomdapoaza
989 1267 1066 1332 arcp.
1085 1244 1181 1311 1291.

473 1443 623 1512 Andrcas
633 1445 697 1512 Dei
706 1445 816 1528 gratia
826 1443 1005 1530 Hungarie,
1016 1441 1196 1527 Dalmacie,
1208 1440 1357 1525 Oroacie,
1369 1443 1489 1526 Rama,

366 1549 499 1637 Servio,
526 1552 684 1634 Gallicis,
711 1551 924 1637 Lodomerie,
951 1551 1130 1632 Oumanie,
1155 1549 1375 1634 Bulgariequc
1397 1551 1488 1632 Rex,

367 1662 516 1730 omnibus
547 1661 668 1728 Christi
694 1659 849 1728 fidelibus
874 1665 1058 1747 presentem
1089 1660 1244 1746 paginam
1275 1660 1488 1744 inspecturis,

369 1771 509 1838 salutem
534 1770 568 1837 iu
585 1789 644 1858 eo,
670 1773 726 1854 qui
742 1775 794 1836 est
820 1789 900 1838 vcra
920 1771 1021 1838 salus.
1045 1769 1140 1848 Quod
1156 1767 1261 1852 Regia
1286 1768 1488 1834 auctoritate

367 1879 532 1966 sancitur,
557 1885 715 1966 perpetuo
731 1877 880 1944 innititur
905 1877 1117 1945 laudamento
1142 1877 1314 1945 firmitatis.
1341 1877 1488 1944 Proinde

367 1985 412 2053 ad
438 1987 662 2054 uniuersorum
687 1986 845 2054 noticiam
869 1987 984 2053 harum
1010 1987 1097 2052 serie
1112 1986 1260 2053 volumus
1287 1985 1486 2070 peruenire:

368 2095 456 2179 qnod
474 2095 587 2162 comes
614 2094 791 2180 Dyouisius
817 2094 904 2163 tilius
921 2095 1004 2162 Jurk
1019 2095 1051 2159 in
1076 2103 1189 2162 nostre
1204 2094 1394 2180 Majestatis
1409 2113 1484 2180 pre·

367 2203 482 2270 sencia
507 2204 704 2271 constitutus
730 2203 846 2270 humili
868 2203 1089 2289 suplicacione
1116 2209 1273 2269 anostra
1298 2200 1486 2268 Serenitate

367 2312 558 2400 postulauit,
576 2319 613 2379 vt
630 2311 868 2380 dimidietatem
894 2319 980 2379 terre
996 2311 1167 2397 Rcdnana,
1192 2291 1283 2397 cujus
1301 2311 1402 2377 aliam
1420 2331 1485 2376 nrc·

367 2419 523 2486 dietatem
539 2419 700 2488 Dominus
718 2425 790 2490 Rex
806 2419 983 2488 Ladislaus
1000 2419 1108 2488 felicis
1124 2419 1365 2488 recordacionis
1382 2418 1482 2484 irater

367 2534 477 2594 noster
501 2530 659 2613 patruolis
684 2529 851 2596 mediante
877 2549 935 2596 suo
964 2527 1142 2615 priuilegio
1176 2524 1281 2594 eidem
1307 2527 1485 2593 dinoscitur
1551 2549 1552 2612 p

368 2636 568 2720 contulisse,
594 2645 691 2722 prout
706 2637 740 2704 iu
758 2637 905 2724 ejusdem
922 2635 1046 2703 domiui
1063 2633 1214 2703 Ladislai
1237 2633 1338 2718 Regis
1358 2633 1481 2719 priuile-
1551 2639 1552 2644 ’

370 2743 424 2828 gio
441 2743 537 2810 nobis
554 2745 700 2811 exhibito
717 2745 860 2812 vidimus
876 2744 1046 2828 contineri,
1064 2745 1160 2810 simul
1171 2761 1242 2808 cum
1260 2743 1356 2808 terris
1376 2743 1482 2826 pisca·

371 2859 476 2919 torum
491 2859 686 2941 nostrorum,
711 2873 774 2939 que
789 2861 899 2922 nostre
915 2856 1080 2939 pertinent
1095 2851 1282 2938 Majestatis
1299 2853 1480 2936 collacioui,

371 2962 471 3028 misso
487 2959 618 3028 homine
635 2967 746 3030 nostro
771 2964 869 3030 metis
884 2961 1050 3029 distinctis
1071 2963 1177 3030 sidem
1201 2961 1353 3027 conferre
1371 2962 1481 3045 digna·

298 3081 306 3104 ⁸
371 3085 487 3136 remur.
505 3071 574 3136 Nos
590 3071 690 3154 igitur
706 3071 918 3138 attendentes
943 3070 1119 3139 fidelitates
1136 3077 1168 3136 et
1192 3069 1334 3138 seruicia
1359 3069 1482 3137 merito·

372 3176 423 3241 ria
437 3175 582 3244 eiusdem
608 3175 745 3268 (domitis
761 3178 904 3247 Dionisii
912 3229 921 3262 ,
948 3198 1011 3262 qus
1026 3179 1118 3248 uobis
1134 3177 1168 3243 in
1185 3178 1334 3246 omnibns
1355 3175 1481 3264 expedi·

373 3284 520 3354 cionibus
533 3287 654 3354 nostris
671 3297 703 3353 et
719 3289 824 3372 Regni
849 3290 954 3356 nostri
969 3308 1042 3356 cnm
1066 3285 1194 3352 feruore
1211 3305 1363 3371 supreme
1381 3285 1481 3354 tideli-

373 3393 453 3460 tatis
481 3392 689 3461 landabiliter
713 3394 873 3480 impendit
890 3401 923 3461 et
938 3396 1066 3481 denoto,
1082 3415 1146 3460 non
1163 3395 1327 3480 parcendo
1353 3397 1423 3461 suis
1440 3413 1481 3460 rc-

373 3501 433 3568 bus
450 3509 507 3567 aut
522 3521 674 3589 persone,
689 3503 888 3592 peticionem
899 3503 1048 3592 ejusdam
1058 3541 1101 3552 -
1114 3539 1151 3550 -·
1165 3537 1209 3552 -
1219 3503 1260 3570 de
1276 3523 1439 3574 consensu
1453 3512 1482 3572 et

372 3608 509 3678 consilio
524 3609 763 3680 uenerabilium
789 3621 920 3699 patrum
936 3612 1061 3682 domiui
1077 3611 1262 3678 Lodomerii
1282 3613 1482 3700 strigonien·

372 3715 418 3782 sis
443 3723 476 3783 st
499 3718 658 3788 Johannis
684 3719 876 3790 colocensis
902 3723 965 3789 Dei
997 3720 1112 3808 gracia
1145 3719 1482 3808 Archiepiscopornm,

372 3820 538 3892 Dominici
562 3829 712 3916 Magistri
727 3831 985 3899 Tauarnicornm
1009 3838 1193 3897 nostrorum
1210 3838 1243 3895 et
1258 3831 1411 3914 magistri
1427 3833 1482 3898 De·

375 3931 482 3999 metrii
497 3934 633 4002 Comitis
650 3935 692 4002 de
706 3937 839 4022 Zolum,
865 3958 926 4005 nec
942 3959 1007 4006 non
1023 3947 1056 4006 et
1075 3937 1213 4006 aliorum
1232 3939 1400 4008 Beronum
1425 3961 1482 4008 uo·

375 4043 516 4107 atrorum
531 4043 705 4112 admittere
731 4047 766 4114 iu
782 4048 953 4133 premissis
979 4067 1052 4116 curn
1069 4046 1185 4114 effectu
1201 4048 1351 4115 volentes
1377 4050 1483 4116 statui-

375 4165 454 4223 mus,
472 4156 507 4214 vt
522 4149 595 4236 ipse
610 4151 673 4220 dus
688 4153 912 4224 dimidietates
939 4177 998 4224 scu
1015 4167 1126 4242 partes
1143 4163 1229 4222 terre
1248 4156 1425 4244 Raduana,
1443 4159 1483 4224 si-

375 4256 441 4320 mul
456 4275 529 4324 cunr
545 4258 620 4328 aliis
645 4264 815 4346 particulis
836 4267 879 4333 de
896 4269 993 4334 terris
1009 4265 1206 4351 piscatorum
1231 4271 1417 4334 nostrornm
1434 4267 1483 4332 ad·

375 4361 462 4444 ditis,
480 4385 537 4449 per
561 4370 751 4453 magistrum
768 4375 920 4442 Alexinm
935 4377 1010 4441 aule
1028 4383 1138 4441 nostre
1164 4371 1292 4440 fidelem
1317 4376 1482 4443 Notarium

377 4479 410 4538 et
434 4472 620 4560 Philippum
646 4477 899 4550 Vise-(tomitem
932 4483 973 4550 de
998 4484 1133 4550 Zoulum
1158 4481 1364 4550 reambnlate
1396 4487 1484 4551 metis

376 4577 547 4672 distinctis,
573 4583 678 4651 eidem
704 4585 821 4656 domiti
845 4593 1013 4676 Dionisio,
1040 4591 1163 4658 Thome
1190 4595 1223 4656 et
1248 4589 1388 4658 Nicolao
1414 4593 1483 4658 liliis
