3144 5180
909 361 931 425 4

841 455 999 465 ιιι-...η

360 559 577 644 cancellarij,
601 557 714 626 dilecti
739 563 772 625 et
796 558 903 626 fidelis
927 561 1049 642 nostri,
1074 577 1159 628 anno
1182 558 1314 626 Domini
1336 558 1387 628 ll⁰
1410 558 1478 628 00⁰
1562 613 1563 616 ,

360 668 585 754 nonagesimo,
610 669 715 754 Regni
737 673 848 734 autem
872 669 975 734 nostri
1000 686 1085 736 enno
1108 664 1221 752 primo.

726 889 780 962 (Aa
803 893 909 948 eredeti
932 891 1009 949 utin.
1035 889 1122 963 Crob.)

366 1958 387 2021 Ι
391 1955 424 2020 V.
436 1953 555 2018 Mittor
564 1957 652 2042 pcipe
663 1954 842 2019 Boaceacto
852 1953 1213 2040 Ertpabiaipltaptikaalc,
1224 1975 1261 2016 az
1271 1951 1487 2041 apostolisatis

363 2061 528 2128 lc'o‘vcte‘aek
543 2061 737 2148 mcpbapyja,
762 2062 839 2148 copy
859 2082 879 2122 a
895 2059 1174 2146 bolpdr-fcjdrvciri
1186 2059 1398 2146 pltrp'o'ltodqbc
1423 2082 1483 2146 epp
1562 2157 1563 2164 ἵ

365 2194 386 2234 a
401 2173 503 2236 romei
517 2172 681 2258 epytazzat
698 2169 908 2257 hitepyadpbca
925 2169 992 2234 tad
1010 2169 1165 2256 pltapdlcdt
1190 2169 1358 2256 kclyczzca.
1384 2169 1488 2232 1290.

485 2388 644 2458 Nicolaus
671 2385 852 2470 Episcopus
879 2405 996 2453 seruus
1024 2405 1188 2453 seruorum
1215 2383 1276 2451 Dei
1303 2383 1489 2453 venerabili

364 2495 455 2564 fratri
474 2545 481 2564 .
499 2545 506 2560 .
525 2495 711 2582 Episcopo
739 2495 910 2581 Eugubino
936 2493 1124 2580 Apostolice
1149 2493 1245 2562 Sedis
1271 2495 1404 2580 Legata,
1433 2513 1488 2560 sa-

365 2605 464 2671 lutem
490 2612 522 2670 et
546 2603 770 2688 Apostolicam
797 2603 1067 2669 benedictionem.
1093 2601 1175 2667 Fide
1192 2601 1293 2688 digna
1316 2599 1491 2683 relatione,

365 2710 543 2796 didicimus,
568 2711 653 2796 quod
669 2711 703 2777 in
719 2720 817 2794 terra,
835 2731 897 2794 que
912 2712 997 2780 Alba
1013 2713 1189 2796 Bulgarica
1203 2711 1386 2778 litteraliter
1404 2730 1491 2777 nnn-

367 2827 513 2904 cupatur,
531 2819 681 2888 Ecclesia
697 2819 837 2902 quedam
856 2820 1066 2905 Episcopalis
1084 2820 1206 2902 existit,
1231 2839 1294 2902 que
1312 2838 1368 2904 per
1385 2838 1495 2899 quen-

367 2927 444 2994 dam
460 2927 692 3012 scismaticum,
718 2928 772 3010 qui
788 2927 976 2996 iamdudum
993 2930 1026 2995 in
1045 2949 1116 2994 cam
1134 2947 1193 3014 per
1209 2925 1416 3011 quorundam
1435 2949 1494 2996 no-

365 3035 478 3102 bilium
495 3036 753 3105 scismaticorum
772 3037 912 3122 partium
929 3037 1061 3106 illarum
1076 3037 1256 3122 potentiam
1268 3037 1414 3102 intrusus
1434 3056 1493 3101 er·

366 3144 440 3227 titit,
467 3141 647 3226 detinetur,
666 3145 785 3227 quique
801 3147 869 3212 suis
887 3145 1071 3231 nephandis
1088 3145 1252 3212 erroribus
1270 3146 1495 3210 circumstan-

367 3256 431 3317 tem
449 3251 589 3336 patriam
615 3252 745 3319 inficere
761 3254 891 3330 nititur,
918 3255 1062 3339 capellas
1089 3253 1245 3339 erigendo
1272 3255 1313 3319 de
1339 3271 1441 3329 novo,
1462 3261 1495 3317 et

264 3361 272 3372 '
365 3360 567 3447 presbiteros
593 3380 633 3426 ac
668 3361 803 3428 clericos
830 3364 881 3429 sui
909 3381 1069 3446 sequaces
1096 3363 1214 3430 erroris
1240 3360 1285 3426 ad
1312 3381 1369 3426 eas
1403 3381 1497 3430 ausu

366 3467 571 3552 dampnabili
588 3468 790 3550 ordinando,
820 3493 858 3540 ac
875 3471 943 3540 alia
959 3472 1190 3538 committendo
1217 3469 1396 3555 nepharia,
1427 3493 1496 3556 que

367 3579 477 3644 oculos
492 3577 612 3645 Divino
623 3580 808 3648 Maiestatis
825 3579 1002 3663 offendunt,
1021 3581 1140 3647 cedunt
1158 3581 1191 3648 in
1207 3577 1284 3646 fidei
1300 3577 1497 3647 Christiane

367 3684 592 3771 dispendium,
620 3694 652 3754 et
668 3688 812 3758 fidelium
829 3693 957 3758 animos
982 3691 1127 3774 graviter
1145 3689 1378 3760 scandalizant.
1406 3689 1500 3759 Gom

369 3795 480 3876 itaque
495 3799 588 3861 tante
613 3799 840 3880 perversitatis
864 3799 1039 3868 audaciam
1062 3807 1179 3868 ettam
1205 3797 1400 3867 execrabilis
1419 3822 1497 3888 pre-

370 3904 564 3989 sumptionis
581 3923 696 3972 ausum
708 3907 871 3976 sustinere
887 3907 1039 3986 nolimus,
1057 3909 1225 3976 sicutinec
1236 3907 1406 3990 debemus,
1428 3907 1497 3977 lra-

369 4010 516 4076 ternitati
531 4021 585 4079 tue
602 4013 861 4101 perApostolica
878 4015 1001 4102 scripta
1011 4017 1211 4104 mandamns,
1229 4023 1399 4100 quatenus,
1419 4037 1499 4104 pre·

369 4117 437 4184 lato
454 4117 638 4188 scismatico
655 4123 696 4190 ab
724 4123 837 4191 eadem
855 4125 1006 4192 Ecclesia
1031 4125 1226 4196 auctoritate
1251 4133 1364 4192 nostra
1380 4143 1447 4208 per
1463 4137 1500 4192 te

369 4246 502 4314 prorsus
520 4235 637 4317 amoto,
655 4232 756 4302 alium
772 4235 875 4302 virum
893 4233 1022 4303 fidelem
1039 4242 1073 4302 et
1089 4237 1241 4304 idoneum
1256 4233 1406 4316 scientia,
1427 4253 1500 4300 mo·

367 4335 457 4403 ribus
474 4343 508 4402 et
523 4327 640 4424 etate,
657 4339 697 4408 de
712 4341 779 4410 illis
796 4349 852 4412 aut
877 4345 952 4414 aliis
969 4345 1118 4433 partibus
1145 4343 1319 4412 oriundum
1329 4394 1338 4428 ,
1365 4341 1411 4412 de
1430 4365 1501 4430 quo

367 4451 425 4512 tna
444 4444 562 4513 viderit
591 4447 745 4533 expedire
770 4452 944 4538 discretio,
967 4453 1118 4541 proficias
1145 4455 1253 4522 eidem
1278 4451 1436 4521 Ecclesia
1464 4455 1500 4520 in

366 4549 563 4638 Episcopum
579 4561 611 4622 et
627 4565 802 4642 pastorem,
821 4561 925 4644 eique,
950 4564 1088 4632 adscitis
1106 4564 1231 4634 duobus
1247 4562 1302 4630 rel
1317 4562 1428 4631 tribus
1447 4565 1498 4631 vi·

367 4661 450 4728 cinis
476 4663 653 4752 Episcopis
678 4669 820 4754 gratiam
849 4679 882 4766 et
897 4672 1157 4742 communionem
1182 4673 1374 4758 Apostolice
1389 4667 1502 4742 Sedis
