3144 5180
849 330 1004 429 -.1⁶-

361 529 504 620 posteris
538 525 751 596 reddiderunt
776 531 809 593 et
835 525 1035 609 reliquerunt
1050 527 1085 594 in
1105 533 1300 614 perpetuum
1316 535 1469 619 possiden-

368 639 446 725 das,
465 659 483 706 e
499 654 658 705 conuerso
674 641 785 702 autem
802 633 888 701 idem
905 634 1020 704 Comes
1036 635 1137 723 Byler
1162 643 1195 702 et
1211 638 1329 710 fratres
1346 644 1396 710 sui
1409 665 1471 729 pre-

361 746 451 832 dicti,
463 765 535 814 cnm
545 746 577 812 in
587 744 835 831 permutacione
846 751 879 809 et
889 744 1078 812 concambio
1088 747 1332 831 posscssionum
1342 757 1376 818 et
1385 753 1472 818 castri

361 854 466 942 ipsius
482 853 619 921 Comitis
636 851 725 920 Petri
740 851 851 919 fratris
866 852 1021 939 ipsorum,
1038 860 1106 921 tum
1122 855 1227 922 eciam
1243 859 1376 928 racione
1393 861 1472 928 dotis

364 968 397 1032 et
412 983 520 1032 rernm
545 961 836 1050 paraphernalium
862 961 995 1030 domine
1020 963 1203 1051 Elyeabetb
1229 975 1423 1055 memorate,
1444 977 1473 1037 et

361 1077 514 1158 pretextu
530 1077 648 1157 quarte
663 1069 800 1136 dnamm
816 1069 956 1138 tiliarum
972 1089 1105 1139 enarum
1129 1071 1392 1163 antedictarum,
1408 1097 1473 1163 por-

362 1181 528 1250 sessionea
546 1177 692 1250 eiusdem
708 1177 845 1246 Oomltis
862 1181 963 1265 Byter
978 1178 1194 1247 hereditarias
1210 1181 1374 1270 Hydweg,
1397 1186 1473 1272 Aba,

364 1295 397 1356 et
413 1288 524 1356 Olwar
535 1293 695 1371 uocatas,
722 1289 902 1354 existentes
918 1288 952 1353 in
969 1286 1134 1356 Comitatn
1150 1287 1322 1375 Huntensi,
1339 1293 1474 1377 antiquis

363 1395 459 1465 metis
477 1403 509 1465 et
525 1395 673 1463 terminis
699 1395 858 1462 limitatas
874 1401 907 1460 et
922 1395 1118 1480 distinctas,
1147 1418 1220 1466 cum
1236 1401 1347 1484 ligneo
1373 1409 1474 1470 castro

362 1507 396 1573 in
412 1506 521 1576 insula
547 1501 691 1571 eiusdem
719 1503 798 1570 ville
813 1504 967 1590 Hydweg
982 1505 1164 1590 existente,
1190 1513 1223 1574 et
1238 1509 1314 1594 alijs
1337 1509 1476 1578 utilitati-

364 1615 445 1701 bns,
462 1620 496 1682 et
521 1615 587 1680 suis
612 1612 827 1698 pertiueneijs
848 1612 1030 1698 uniuersis,
1057 1623 1152 1698 prout
1168 1635 1226 1682 aas
1251 1615 1338 1684 idem
1365 1617 1475 1687 (lomes

363 1722 464 1808 Byter
491 1721 624 1806 babuit,
650 1721 754 1788 tenuit
780 1721 941 1786 hactenus
966 1733 999 1788 et
1023 1721 1190 1808 possedit,
1216 1723 1325 1790 eidem
1350 1725 1475 1794 domine

363 1829 566 1917 lllysabetb,
593 1829 708 1896 relicte
733 1829 872 1898 Comitis
897 1828 987 1896 Petri
1013 1831 1124 1900 fratris
1150 1851 1257 1900 corum
1269 1881 1279 1916 ,
1305 1842 1337 1898 et
1355 1835 1476 1902 dnabns

349 1939 490 2032 ¹filiabus
506 1938 586 2022 suis,
603 1937 800 2004 dominabus
817 1934 941 2015 Katba,
957 1943 990 2004 et
1005 1939 1113 2018 Anna,
1130 1958 1172 2005 ac
1188 1959 1300 2007 earnm
1311 1945 1477 2025 posterita-

362 2046 451 2114 tibus
468 2045 688 2131 sncceseiuis,
706 2045 886 2124 dederunt,
904 2044 1118 2130 tradiderunt,
1139 2067 1178 2114 ac
1195 2055 1389 2133 statuerunt,
1406 2050 1474 2116 irre-

359 2153 552 2222 nocabiliter
566 2152 737 2220 habendas
748 2153 817 2218 iure
828 2159 984 2239 perpetuo
996 2160 1028 2220 et
1043 2157 1212 2240 tenendas,
1223 2177 1289 2224 vna
1303 2178 1376 2225 cnm
1392 2177 1475 2224 man·

364 2262 461 2348 cipljs
477 2262 683 2347 bereditarijs
709 2262 812 2348 ipsius
829 2260 966 2330 comitis
982 2263 1092 2346 Petri,
1117 2265 1299 2348 Augustino
1324 2264 1475 2334 videlicet

362 2390 434 2438 cnm
449 2371 528 2455 blije
545 2370 635 2456 euie,
655 2377 766 2456 preter
781 2390 934 2454 uxorem,
951 2377 983 2436 et
998 2370 1084 2436 filias
1101 2391 1200 2457 enas,
1227 2380 1260 2438 et
1276 2372 1425 2458 Kotaeb,
1439 2394 1475 2440 ac

362 2483 433 2547 eius
448 2500 557 2562 uxore,
575 2478 652 2563 filijs
670 2484 703 2544 et
717 2477 847 2544 filiabus
863 2479 942 2560 suis,
961 2479 1112 2549 omnibus
1129 2480 1234 2548 eciam
1255 2481 1364 2550 seruis
1380 2489 1413 2548 et
1429 2503 1479 2549 an-

363 2588 448 2655 cillis
464 2587 636 2672 acquisitis
653 2591 689 2654 et
702 2588 863 2672 empticijs
881 2587 984 2670 ipsius
1001 2585 1137 2654 comitis
1157 2589 1263 2670 Petri,
1282 2589 1405 2656 eisdem
1426 2591 1477 2656 tri-

364 2698 426 2764 bus
442 2696 658 2774 dominabus,
684 2703 718 2760 et
733 2714 844 2764 aarum
859 2697 1109 2784 posteritatibus
1135 2698 1168 2764 in
1185 2704 1379 2782 perpetuum
1401 2700 1479 2766 assi-

363 2807 495 2892 gnatis5
521 2808 652 2892 insuper
678 2803 829 2870 ducentis
854 2806 973 2872 marcis
999 2806 1130 2888 argenti
1155 2807 1191 2872 in
1217 2807 1477 2875 additamentum

362 2914 621 2996 satisfaccionis,
646 2921 678 2980 et
694 2913 871 2984 solucionis
887 2914 1119 2998 promissarum
1137 2915 1235 2997 dotis,
1252 2923 1285 2982 et
1302 2936 1410 2984 rerum
1427 2937 1479 3000 pa·

364 3023 576 3114 saturnalium
585 3072 595 3107 ,
613 3042 653 3088 ac
669 3028 785 3104 quarte
801 3021 1049 3106 premissorum,
1066 3023 1148 3106 ipsis
1164 3023 1269 3090 tribus
1285 3023 1478 3091 dominabus

366 3133 515 3218 plenarie
532 3130 716 3216 persolutis.
735 3130 871 3214 Quibus,
889 3137 922 3195 et
937 3130 1093 3216 predictis
1104 3133 1208 3200 tribus
1225 3132 1314 3200 villis
1330 3132 1479 3215 receptis,

365 3259 464 3325 super
481 3238 557 3306 dote
573 3247 607 3304 et
623 3245 741 3324 quarta
765 3237 950 3306 huiusmodi
976 3237 1092 3304 cedem
1108 3240 1237 3306 domine
1252 3259 1289 3306 se
1315 3259 1392 3306 esse
1409 3259 1479 3304 eon·

363 3357 471 3416 tentas
488 3349 643 3430 latentes,
660 3354 693 3410 et
710 3347 757 3412 eiu
775 3343 878 3414 tuisse
902 3345 1107 3412 satisfactum
1123 3366 1183 3430 per
1199 3345 1308 3412 omnia
1324 3365 1480 3432 recogno-

363 3465 503 3540 scentes,
530 3457 637 3544 ipsum
654 3453 814 3523 Comitem
838 3458 958 3542 Byter,
983 3462 1017 3524 et
1032 3454 1150 3521 fratres
1173 3474 1250 3523 suos
1275 3475 1377 3540 super
1394 3456 1483 3520 facto

243 3643 245 3647 ,
364 3567 448 3634 dotis
476 3572 509 3632 et
525 3571 640 3650 quarte
656 3563 937 3651 supradictarum,
961 3564 1161 3646 reliquerunt
1177 3563 1331 3648 legaliter
1346 3562 1481 3649 expedi-

363 3683 434 3760 tos5
452 3673 717 3758 condicionibus,
734 3671 998 3758 obligacicnibns
1015 3679 1048 3738 et
1066 3671 1211 3738 articulis
1228 3671 1417 3740 huiusmodi
1435 3673 1484 3738 in·

363 3783 518 3867 turicella,
536 3789 572 3848 ut
588 3782 630 3849 ab
649 3781 799 3848 omnibus
816 3780 1057 3862 questionibus,
1074 3786 1108 3846 et
1127 3779 1395 3864 impeticionibue
1411 3799 1485 3844 con-

368 3900 419 3960 tra
434 3892 527 3976 ipsas
542 3899 609 3959 tres
625 3889 774 3957 dominas
791 3897 824 3956 et
840 3909 950 3956 earnm
967 3889 1126 3968 heredes,
1143 3894 1176 3955 et
1191 3907 1415 3972 successores,
1435 3907 1486 3951 ra-

367 4002 464 4068 cione
479 3999 698 4088 predictarum
715 3998 812 4067 trinm
827 3998 993 4082 villarum,
1020 4005 1053 4064 et
1068 4015 1199 4066 suarum
1216 3995 1394 4062 utilitatum
1417 3995 1487 4061 ullo

364 4127 510 4194 unquam
527 4114 675 4194 tempore
689 4103 878 4191 suscitatis,
894 4107 965 4192 ipse
981 4105 1097 4174 Comes
1120 4108 1221 4191 Byter
1237 4113 1270 4170 et
1285 4104 1337 4172 sui
1352 4105 1488 4184 tratres,

366 4239 407 4288 ac
424 4235 536 4286 eornm
552 4217 772 4304 posteritates,
789 4215 937 4302 prelatas
947 4221 1015 4282 tres
1032 4215 1182 4282 dominas
1199 4221 1230 4278 et
1241 4231 1353 4281 earum
1371 4213 1489 4298 proles
1554 4199 1555 4246 ¹

362 4339 396 4398 et
413 4345 635 4413 successores,
652 4323 829 4410 expedient
839 4325 1058 4411 indempniter
1073 4323 1140 4392 suis
1150 4323 1295 4409 proprijs
1311 4320 1489 4390 laboribus

362 4443 397 4504 et
412 4437 590 4523 expensis,
615 4436 649 4501 in
664 4441 823 4520 perpetua
847 4440 958 4500 tenuta
983 4439 1016 4499 et
1031 4431 1172 4516 pacifica
1197 4430 1412 4516 possessione
1432 4447 1488 4495 ea·

362 4547 512 4616 rumdam
528 4547 623 4614 trium
648 4545 800 4612 villarum
825 4551 858 4610 et
874 4541 1150 4628 pertinenciarnm
1175 4559 1327 4622 enarum,
1353 4541 1490 4623 absque
1554 4555 1555 4630 l

360 4659 449 4730 omni
465 4655 617 4726 molestia
642 4651 875 4738 conseruando,
892 4653 1015 4721 nullam
1032 4672 1104 4720 eum
1121 4649 1246 4720 eisdem
1256 4649 1362 4716 tribus
1380 4647 1489 4718 domi-
