3072 5168
543 371 702 478 L

51 567 274 656 pertinenciis
291 573 359 638 suis
384 569 565 657 inlustris,
590 575 650 640 suh
667 571 791 640 eisdem
808 573 902 642 metis
918 581 951 642 et
973 575 1130 660 terminis,
1146 579 1180 646 in
1229 621 1232 630 ,

52 681 179 762 quihus
196 699 254 766 per
269 682 394 765 priores
416 699 627 764 possessores
643 682 757 749 habita
773 681 879 748 extitit
895 691 928 748 ot
944 704 1108 768 possessa,
1125 687 1179 752 de-

54 789 179 871 dimus,
196 789 390 856 donauimus
406 798 439 858 et
454 790 648 858 contulimus
674 789 819 875 predieto
835 793 1012 878 Stephano,
1031 793 1181 863 Gabrieli
1299 868 1307 880 .

56 906 90 962 et
107 898 187 984 Eye
203 897 359 966 fratribus
385 899 453 963 suis
462 946 472 982 ,
498 905 529 964 et
546 919 604 984 per
620 918 677 966 eos
693 900 762 966 suis
777 898 951 968 heredibus
966 900 1184 984 heredumque

57 1027 196 1074 suorum
212 1006 456 1073 suecessoribus
482 1006 550 1071 iure
567 1015 721 1092 perpetuo
738 1014 772 1072 et
797 1007 1056 1078 irreuooabiliter
1077 1012 1183 1093 ‚possi-

58 1113 220 1194 dendam,
230 1115 406 1184 tenendam
418 1121 451 1181 et
466 1115 662 1183 habendam.
680 1117 722 1182 Vt
732 1115 830 1203 igitur
846 1117 940 1184 huius
957 1126 1069 1185 nostre
1086 1120 1184 1187 dona-

60 1223 170 1290 eionis
188 1224 293 1290 series
309 1225 405 1291 robur
422 1223 571 1308 optineat
587 1229 746 1308 perpetue
763 1222 935 1308 firmitatis,
951 1243 1013 1292 nee
1028 1244 1185 1310 proeessu

61 1337 251 1416 temporum
267 1349 325 1412 per
340 1347 535 1414 quemquam
553 1333 659 1416 possit
669 1333 851 1409 retraetari,
869 1340 1037 1416 presentes
1054 1352 1185 1402 oonees·

62 1439 171 1505 simus
189 1437 315 1507 litteras
326 1439 486 1524 dupplieis
503 1439 604 1524 sigilli
620 1439 723 1505 nostri
733 1439 909 1506 munimine
920 1442 1099 1509 roboratas.
1118 1439 1186 1508 Da·

62 1557 132 1616 tum
151 1568 212 1634 per
228 1568 344 1616 manus
360 1548 494 1615 disereti
510 1549 572 1616 viri
588 1549 737 1636 magistri
752 1548 928 1634 Theodory
945 1549 1101 1616 Albensis
1126 1547 1187 1614 Ee-

64 1657 169 1724 elesie
187 1639 359 1744 Prepesiti,
378 1661 454 1726 aule
469 1664 580 1724 nostre
605 1656 909 1740 Vise-Oanoellarij‚
928 1655 1038 1724 dileeti
1054 1665 1086 1724 et
1109 1654 1187 1722 fide-

63 1768 104 1834 lis
120 1766 225 1848 nosri
241 1786 326 1834 anno
342 1765 473 1833 Domini
483 1767 542 1833 w.
554 1764 633 1832 00⁰.
644 1763 858 1852 nonagesimo
875 1766 981 1848 tertio,
998 1765 1105 1850 pridie
1122 1767 1188 1838 No·

66 1896 128 1945 nas
147 1873 312 1957 Octobris,
330 1875 434 1960 Regni
451 1882 559 1942 autem
584 1875 687 1942 nostri
705 1894 789 1946 enno
806 1884 931 1956 quarto.

68 2091 213 2163 (Teutseh
227 2089 258 2148 ds
276 2089 447 2160 Rirnhaber‚
460 2089 695 2146 Urhundenbuch
708 2106 758 2143 zur
770 2085 945 2142 Gesohiehte
959 2085 1191 2160 Siehenhtlrgeas

429 2179 452 2234 Ι.
474 2177 620 2236 tot.ltdes
634 2179 712 2235 1857.
732 2174 836 2245 183.lp

615 3073 667 3138 51.

77 3278 139 3342 ΙΙΙ.
163 3273 273 3340 ardre
288 3271 395 3356 kirtly
422 3293 460 3333 az
477 3269 598 3356 aedelpi
615 3267 771 3352 kciptoioo
790 3272 935 3333 admira
949 3271 1125 3356 meyardstti
1139 3270 1199 3335 IV.

80 3385 196 3452 Loszlo
219 3380 392 3466 kirdlynale
417 3379 461 3442 60
476 3373 548 3440 otoo
573 3375 666 3440 iethet
691 3377 840 3460 teir-pyozo
853 3376 1062 3462 adoindum,
1081 3379 1201 3465 ntelyek

170 3487 397 3577 epyszeromied
412 3503 432 3548 o
447 3483 567 3571 brotyi
582 3481 718 3547 adoaldi
729 3483 755 3545 is
764 3479 994 3566 soloteotetaek.
1013 3485 1110 3550 1293.

189 3717 342 3786 Andreas
351 3717 412 3782 Dei
424 3717 537 3802 graeia
547 3713 725 3800 Hungarie,
737 3715 920 3798 Dalmaeie‚
931 3714 1077 3798 Groneia,
1087 3714 1201 3798 Reme,

80 3827 208 3911 Seruio,
225 3824 388 3907 Gallieie,
406 3823 609 3903 hodomerie,
627 3822 793 3906 Cumania,
813 3823 1034 3908 Bulgarieque
1050 3823 1120 3889 Rex
1136 3842 1202 3890 om-

79 3939 180 4004 nibus
196 3933 317 4000 Christi
341 3929 471 3996 fidlibus
500 3935 667 4014 presentes
694 3930 821 3997 litteras
847 3929 1045 4016 inspecturis
1062 3932 1205 3998 salutem

80 4048 114 4114 in
131 4043 251 4112 salutis
273 4042 440 4126 largitore.
459 4039 548 4104 Deus
565 4038 598 4104 in
618 4039 686 4106 alta
702 4035 909 4120 providentie
924 4057 982 4104 sue
998 4039 1137 4124 specula
1153 4061 1203 4107 sa-

82 4155 212 4239 pienter
236 4149 383 4234 dirigens
409 4157 441 4214 et
465 4148 609 4214 suaviter
634 4145 810 4232 disponens
826 4145 991 4228 minema,
1007 4147 1085 4212 lieet
1110 4145 1203 4214 nobis

82 4259 192 4348 Regni
219 4259 418 4326 commiserit
443 4255 681 4342 gubernacula,
709 4261 820 4323 tamen
844 4255 878 4322 in
894 4253 1042 4340 apioihus
1068 4253 1205 4338 Regalis

84 4371 238 4438 eulminis
254 4367 376 4436 elenati
388 4368 477 4452 juste
497 4363 687 4434 humilitatis
704 4365 814 4452 preeio
831 4363 1083 4430 inestimabilem
1099 4365 1206 4431 ricem

84 4481 207 4548 Diuine
224 4477 336 4564 graeie
352 4477 508 4544 debemus
534 4474 719 4558 promereri,
737 4473 773 4540 id
787 4479 893 4540 autem
911 4471 1088 4538 efficaciter
1103 4470 1206 4538 adim·

86 4591 227 4674 plenus,
241 4586 271 4652 si
287 4585 320 4652 in
337 4587 494 4653 Sanctam
509 4585 645 4652 Matrem
662 4581 843 4652 Reolesiam
860 4577 1081 4646 munihoeneie
1097 4597 1206 4646 ramos

88 4692 257 4781 longiores
275 4691 501 4778 extendimus,
527 4698 560 4756 et
576 4709 617 4756 ea
641 4711 703 4774 que
720 4689 784 4774 ipsi
800 4685 856 4774 pia
875 4687 1114 4754 deliberacione
1132 4703 1208 4750 eon«

145 4814 568 4862 uosuuuosoursrmtru-io.
1027 4797 1048 4859 6
