3094 5168
308 1101 516 1174 Emttlcoztortt
530 1101 613 1166 becci
629 1096 706 1163 level
714 1153 724 1186 ‚
749 1098 885 1184 molybas
911 1123 931 1162 a
941 1100 1192 1184 pcriekedb'lcaek
1217 1099 1426 1166 otbeotoite‘e

307 1209 508 1295 irdatdreyaik
539 1207 773 1271 demutatdudrm
804 1207 955 1270 totoridt'
984 1207 1176 1272 rerrdeltetile.
1202 1210 1299 1273 1297.
1327 1209 1423 1274 ltdrt'll.

416 1407 543 1474 Demus
568 1425 627 1490 pro
651 1402 828 1488 memoria,
853 1407 943 1489 quod
967 1409 1002 1474 in
1030 1408 1157 1474 octenis
1183 1404 1425 1476 Purificacionis

308 1519 411 1586 Beate
426 1515 571 1601 Virginis
582 1513 758 1583 Zobiaiaus
774 1512 859 1582 fliius
871 1517 1007 1584 Comitis
1024 1517 1210 1604 Bogomerij
1227 1536 1304 1601 pars
1326 1522 1424 1594 actor,

308 1649 368 1714 pro
394 1645 458 1709 qno
492 1625 650 1710 magister
676 1623 926 1692 Bartholomeus
964 1627 1081 1693 Lector
1106 1623 1256 1692 Ecclesie
1277 1625 1426 1711 Nytrien-

309 1736 366 1822 sis,
383 1742 416 1803 et
427 1734 572 1803 Jacobns
583 1731 668 1802 tilius
681 1731 806 1820 Obyma
818 1734 957 1818 jobagio
973 1737 1080 1802 Castri
1096 1734 1283 1819 Nytricnsis
1294 1753 1367 1799 curn
1380 1733 1427 1798 iit·
1523 1721 1524 1768 3

309 1843 390 1910 teris
406 1839 550 1928 Capituli
566 1841 630 1909 loci
647 1839 792 1908 eiusdem
803 1851 1055 1928 comparuerunt
1071 1841 1328 1926 continentibus,
1345 1841 1428 1924 qnod

310 1950 397 2018 idem
419 1953 604 2040 Zobszaus
631 1949 840 2035 quescionem
865 1971 924 2018 sen
940 1952 1107 2018 accionem
1130 1971 1222 2018 suam
1248 1951 1375 2018 eisdem
1398 1951 1429 2017 in

309 2060 373 2130 boo
388 2062 477 2128 sacto
488 2060 685 2128 commiserit
705 2059 940 2144 exequendam,
952 2065 1059 2126 ratum
1070 2066 1102 2126 et
1113 2059 1239 2126 firmum
1249 2058 1426 2142 habiturus,

310 2168 467 2254 quidquid
493 2171 648 2255 magister
664 2167 913 2236 Bartboiomcus
930 2175 963 2234 et
989 2168 1134 2238 Jacobus
1151 2168 1292 2253 predicti
1307 2168 1428 2253 experi-

310 2275 416 2344 uerint
431 2297 490 2362 pro
507 2276 634 2360 eodem,
650 2283 898 2360 assumpserunt
914 2277 957 2341 ab
975 2297 1040 2342 una
1056 2283 1170 2360 parte5
1186 2277 1302 2341 Petrus
1318 2283 1351 2342 et
1368 2275 1427 2360 By·

311 2387 382 2453 tbcr
398 2386 541 2454 Comites
558 2385 617 2472 filij
635 2386 736 2468 ttiko,
758 2393 791 2453 et
807 2386 908 2472 Myko
924 2381 1009 2450 filius
1027 2385 1162 2466 Detrici,
1179 2384 1234 2468 qui
1250 2383 1427 2470 personali·

310 2501 361 2561 ter
386 2502 636 2580 comparuerunt
660 2495 812 2563 similiter
838 2501 870 2559 et
896 2502 1153 2580 assumpserunt,
1171 2515 1212 2560 ex
1227 2494 1354 2578 aitera5
1372 2494 1427 2559 dc·

311 2605 413 2671 beant
430 2623 618 2688 comparere
644 2604 861 2690 peremptorie
879 2624 989 2672 coram
1004 2605 1110 2688 nobis,
1127 2610 1161 2669 et
1177 2604 1250 2688 ipso
1266 2603 1322 2671 die
1339 2603 1429 2670 ambe

311 2718 422 2796 partes
439 2711 549 2778 omnia
564 2711 741 2798 priuilegia
757 2719 790 2776 ct
815 2714 1032 2780 iustrumenta
1047 2731 1117 2795 sua,
1135 2719 1297 2796 quotquot
1312 2710 1429 2778 babent

311 2837 410 2904 super
426 2819 513 2888 facto
529 2820 754 2905 possessionis
778 2821 915 2909 Kyaobe
926 2870 935 2905 ,
961 2820 1026 2886 alio
1043 2821 1173 2887 nomine
1197 2821 1357 2888 Yescesin
1380 2838 1429 2882 uo-

312 2935 396 3011 cate,
414 2930 499 2994 sicut
514 2929 655 3014 predicti
680 2939 910 3014 procuratores
927 2930 1075 2996 eiusdem
1091 2928 1250 3018 Zobyzlai
1268 2931 1428 3012 dicebant,

313 3058 412 3123 quam
428 3037 554 3107 scilicet
577 3039 822 3123 possessionem
842 3037 943 3124 ijdem
959 3039 1074 3105 Petrus
1090 3045 1124 3105 ct
1138 3039 1263 3126 Bytber
1280 3039 1429 3121 Comites,

312 3167 353 3218 ac
368 3147 479 3234 Myko,
496 3149 792 3232 adpossessiouem
803 3167 914 3216 eorum
930 3151 1042 3216 Varna
1057 3157 1210 3218 vocatam
1225 3159 1431 3218 asseruerunt

313 3258 488 3344 pertinere,
505 3264 539 3325 et
553 3278 626 3326 esse
644 3259 730 3326 iutra
754 3265 859 3328 metas
875 3259 961 3326 dicte
986 3261 1209 3345 possessionis
1228 3263 1427 3342 corumdem,

314 3368 472 3448 contecta,
489 3366 610 3436 debent
626 3367 782 3436 exbiberc
804 3389 914 3438 coram
930 3369 1036 3438 nobis.
1052 3369 1177 3448 Quibus
1193 3369 1359 3450 exhibitis,
1377 3370 1430 3436 dc·

314 3495 481 3545 cernemus
498 3476 581 3543 iuter
591 3485 702 3564 partes
719 3479 850 3549 iusticia
861 3479 1036 3548 mediante.
1047 3483 1171 3548 Datum
1185 3479 1218 3545 iu
1235 3479 1316 3550 villa
1331 3481 1428 3548 Zceu·

313 3587 412 3672 belm,
429 3592 523 3653 sexto
539 3585 592 3654 die
608 3587 846 3672 quindenarum
865 3587 1015 3657 Omnium
1031 3588 1234 3657 Sanctorum.

422 3788 530 3854 Jepyset.
551 3781 734 3856 Bb'rhdrtydn
755 3786 816 3841 keit
837 3785 900 3842 adrt
921 3783 1015 3854 lcvdl,
1039 3785 1115 3858 moly
1136 3786 1239 3844 saokds
1253 3791 1359 3845 sacrint
1371 3789 1429 3846 mer

316 3877 408 3932 cltiint
419 3874 509 3929 kerck
518 3871 659 3944 pecsdttel
668 3875 729 3931 voit
739 3872 942 3947 lepecsetelve.
956 3873 1091 3932 Hdtirata
1103 3893 1138 3932 eu
1151 3898 1158 3931 :
1171 3896 1223 3948 pro
1236 3877 1324 3935 Petro
1338 3886 1367 3935 ct
1377 3881 1430 3950 By·

315 3973 360 4023 ter
373 3962 532 4020 Comitibus
554 3981 589 4020 uc
611 3963 700 4034 Myko
725 3971 827 4022 contra
841 3967 1015 4039 Zobyziaum
1029 3967 1067 4023 ad
1080 3971 1198 4024 octenas
1216 3965 1429 4027 Purificaeionis

315 4057 408 4114 Beate
420 4051 555 4126 Virginis.
568 4052 596 4108 Α
608 4053 714 4112 kdkkdi
727 4054 908 4115 levdltdrbsn
922 4078 928 4113 :
942 4057 1026 4115 Fasc.
1040 4060 1064 4114 1.
1078 4055 1146 4115 Nro.
1158 4059 1186 4116 8.
1198 4045 1279 4129 ἐτός.

761 4347 1004 4377 ;,,,,......-..-.
