3072 5168
547 267 695 376 nn..

37 463 103 531 tis
119 463 256 530 Martini
283 461 504 532 Viee-Jndieis
521 466 619 536 curie
636 471 765 550 nostre,
793 483 892 552 super
912 467 1054 552 quadarn
1080 468 1180 553 parti-

41 575 137 642 cula
155 583 261 660 terre,
279 575 364 640 intra
380 573 485 642 Beren
502 575 675 642 existentis
693 577 892 659 confestum,
917 584 1033 661 petens
1049 597 1071 642 a
1087 576 1182 644 nobis

39 701 131 748 eum
149 681 336 768 instancia,
360 689 396 748 ut
411 702 472 750 nos
498 684 603 768 ipsum
632 683 840 769 privilegium
866 689 973 750 ratem
999 683 1134 768 habere,
1151 689 1184 749 et

41 799 177 862 nostro
195 791 407 878 dignaremur
429 790 603 880 privilegio
620 793 822 860 eonfirmare.
853 791 953 876 Onjm
970 791 1100 879 quidem
1118 791 1183 880 pri·

43 900 179 990 vilegij
197 908 291 969 tenor
308 899 385 968 talis
402 907 476 966 est:
544 889 546 894 ’

171 1011 242 1078 Nos
260 1007 377 1076 (tomes
393 1009 554 1076 Martinus
570 1011 632 1076 stb.
659 1011 742 1084 (mint
757 1015 872 1071 fentobb
891 1017 940 1070 69.
959 1034 995 1070 se.
1014 1013 1050 1086 a.)
1075 1093 1077 1098 Ι

171 1117 241 1184 Nos
263 1119 374 1199 itaque
400 1116 504 1202 ipsius
528 1115 710 1185 Andronici
725 1115 892 1204 Prepesiti
917 1115 1184 1202 wesprimiensis

43 1227 161 1312 justis
177 1225 397 1312 peticionibus
407 1224 633 1294 favorabiliter
649 1225 809 1309 inclinati,
825 1226 906 1307 quia
917 1225 1120 1308 inspeximus
1137 1223 1185 1292 di·

49 1342 151 1404 etum
168 1335 377 1420 privilegium
395 1332 533 1401 Comitis
550 1333 683 1402 Martini
701 1354 765 1400 non
782 1333 955 1416 abrasum,
979 1354 1045 1400 uon
1061 1331 1186 1400 oaneel-

49 1445 177 1530 latum,
195 1463 262 1512 non
278 1443 456 1527 abolitum,
474 1461 535 1509 neo
552 1443 585 1506 in
602 1441 715 1525 aliqua
731 1443 781 1508 sui
800 1449 892 1520 parte
910 1440 1078 1524 viciatum,
1096 1449 1186 1509 teno-

50 1575 130 1621 rem
157 1551 306 1638 ejusdem
324 1551 367 1617 de
386 1551 486 1618 verbo
503 1549 700 1618 adverbum
717 1549 926 1635 presentibus
942 1549 1044 1618 inseri
1061 1549 1185 1618 faoien·

52 1675 123 1749 tes,
141 1664 250 1748 ipsum
267 1659 476 1744 privilegium
500 1667 605 1726 ratum
623 1657 783 1728 habentes
808 1667 841 1725 et
862 1665 1049 1746 aoeeptum,
1070 1659 1184 1728 eutho-

52 1775 161 1840 ritate
179 1769 388 1856 preseneium
413 1771 642 1836 confirmamus
659 1767 799 1854 duplicis
825 1766 927 1853 sigilli
952 1766 1056 1832 nostri
1085 1765 1185 1831 muni-

53 1881 151 1947 mine
166 1876 359 1944 roborando.
385 1877 507 1944 Datum
524 1895 584 1961 per
600 1895 716 1944 manus
735 1874 934 1943 venerabilis
957 1871 1019 1939 viri
1038 1871 1188 1958 magistri

55 1985 232 2056 Theodori
256 1984 418 2071 Propositi
443 1983 599 2054 Albensis
633 1985 709 2053 aule
740 1991 847 2051 nostre
881 1979 1187 2065 vioe-Ganoeilarij,

56 2097 169 2166 Electi
185 2094 335 2163 Eoelesie
352 2093 557 2178 tununensis,
583 2094 694 2160 dileeti
711 2103 745 2162 et
759 2091 864 2159 fidelis
880 2091 1003 2175 nostri,
1020 2108 1108 2157 anno
1120 2087 1186 2154 Do·

55 2209 140 2274 mini
157 2205 208 2272 M⁰
220 2201 516 2287 00⁰nonagesimo
528 2201 655 2288 quinto,
672 2205 791 2284 quarto
802 2198 964 2266 kalendas
975 2195 1067 2282 Maii,
1084 2193 1189 2284 Regni

56 2321 174 2384 autern
189 2312 293 2381 nostri
317 2331 404 2377 anno
421 2309 543 2392 quinto.
1166 2295 1169 2300 ’

257 2505 403 2564 (Eredetie
418 2525 435 2562 a
448 2502 607 2578 vesnprdmi
620 2502 760 2578 ktptalan
774 2467 998 2572 lauditiriban.)

512 2809 761 2826 Μ
