3072 5168
851 331 1011 434 .‚⁶.8-

373 533 499 603 litteras
526 529 670 619 duplicis
695 531 796 618 sigilli
820 537 923 603 nostri
950 533 1127 601 munimine
1153 534 1339 606 roboratas.
1371 533 1480 600 Datum

371 665 428 733 per
444 659 558 710 manue
574 641 706 710 discreti
721 642 783 711 viri
811 644 960 728 magistri
974 641 1141 712 Theodori
1166 643 1321 712 Albensis
1338 643 1478 712 Ecclesia
1511 663 1512 720 ι

371 751 534 837 Prepesiti
551 752 625 818 aule
641 757 751 818 nostre
762 751 1070 838 wico-Cancellarij
1082 751 1195 821 dilecti
1205 760 1239 819 et
1254 753 1363 821 fidelis
1379 751 1478 836 ursui,
1511 815 1512 826 ,

370 877 456 924 auno
471 855 603 924 Domini
620 859 669 925 ll⁰
685 857 757 926 00⁰
771 860 985 945 nonagesimo
1009 861 1164 948 secundo,
1182 861 1310 930 decimo
1327 859 1477 929 kalendas
1511 871 1512 960 ᾗ

370 965 469 1052 Julij,
495 954 683 1035 indiccione
699 967 830 1056 quinta,
857 971 961 1056 Regni
978 977 1087 1037 antem
1103 970 1208 1038 nostri
1223 989 1310 1037 anno
1335 967 1476 1038 secundo.
1511 961 1512 964 ’

441 1161 588 1235 (Rredatia
602 1163 659 1220 ab.
674 1163 856 1237 Weseeldnyi
869 1163 969 1222 esame
981 1164 1190 1224 lerdltarrlban.
1205 1166 1287 1221 Subi
1297 1165 1419 1234 Kdrolq.)
1510 1155 1512 1232 l

368 2191 435 2259 ΙΙΙ.
446 2191 551 2257 Ειιώνο
560 2190 667 2276 kr'rdly
676 2189 819 2276 Soprorry
829 2187 1089 2274 odroepolpdrait
1096 2190 1310 2276 jopuilte'reirrt
1320 2189 1471 2274 biztoee'ljo.

879 2297 975 2360 1292.

473 2495 623 2564 Andreas
634 2495 696 2562 Dei
712 2496 825 2578 gracia
841 2496 910 2560 Rex
927 2493 1096 2577 Hungarie
1107 2495 1257 2566 fidelibus
1269 2495 1340 2563 ruis
1360 2494 1468 2560 unirer-

368 2605 415 2673 sis
432 2604 555 2672 ciuibus
572 2623 630 2673 seu
646 2605 830 2691 hospitibus
854 2603 895 2669 de
914 2603 1076 2689 Supronio
1101 2603 1240 2672 salntem
1267 2611 1300 2670 ot
1326 2603 1467 2689 graciam.

367 2711 453 2792 Quia
467 2712 624 2780 Comitem
640 2715 805 2800 Vlwyrum
822 2719 855 2778 et
874 2711 1064 2796 magistrum
1080 2711 1244 2780 Andream
1267 2713 1466 2778 concinesrc·

369 2827 454 2890 siros
480 2840 550 2887 cnm
568 2821 682 2889 litteris
699 2821 818 2890 restris
843 2819 886 2886 ad
909 2839 971 2886 noa
996 2819 1041 2888 ad
1066 2827 1180 2905 partes
1197 2827 1265 2886 tam
1280 2813 1468 2887 remotaead

367 2928 565 2998 visitandam
581 2947 754 3013 personam
770 2933 926 3013 nostram,
943 2937 977 2995 et
999 2928 1044 2995 ad
1068 2929 1308 3014 propalandam
1325 2927 1466 3010 querimo·
1510 2955 1511 2972 ι

368 3037 453 3103 niam
469 3042 613 3105 vestram
629 3037 674 3104 ad
690 3056 750 3104 nus
766 3036 1007 3123 transmisistis,
1018 3036 1169 3105 fidelitati
1186 3035 1464 3105 Universitatiere-

366 3149 434 3212 stre
450 3143 619 3214 referimus
636 3146 755 3213 multas
770 3147 900 3228 gracias
913 3169 921 3230 ;
948 3145 1182 3232 propterquod
1197 3145 1350 3212 nimirem
1369 3145 1399 3210 11
1414 3161 1464 3207 11·
1510 3131 1511 3186 1

365 3253 461 3320 uibus
478 3254 613 3324 lecimus
630 3263 662 3322 et
678 3255 832 3322 iaciemus
849 3254 1059 3322 voluntatem.
1082 3253 1189 3340 Super
1206 3275 1245 3322 eo
1262 3261 1381 3336 antem,
1397 3247 1465 3334 quod
1510 3255 1511 3332 ζ

367 3362 558 3445 magistrum
569 3361 754 3432 iohannem
765 3363 921 3431 Comitem
931 3364 1186 3449 Soproniensem
1203 3356 1463 3432 1101111101-

367 3471 426 3536 stri
442 3469 554 3536 Rerrsi
570 3469 665 3539 robis
682 3470 714 3534 in
739 3470 949 3557 capitaneum
964 3469 1181 3558 prefecimus,
1207 3471 1378 3558 ueneritis,
1393 3465 1463 3553 quod

367 3597 430 3644 non
446 3575 593 3663 lecimus,
609 3577 705 3645 immo
718 3577 986 3646 conseruabimus
1003 3597 1061 3646 voa
1079 3577 1112 3646 iu
1127 3579 1186 3646 illa
1202 3585 1236 3646 et
1252 3578 1369 3645 eadem
1385 3577 1461 3643 liber·

365 3691 436 3751 tate
452 3691 560 3753 restra
569 3736 579 3771 ,
605 3687 637 3752 iu
654 3706 755 3770 quea
780 3692 927 3771 tempore
942 3686 1143 3756 dominorum
1160 3689 1240 3755 Bclc
1261 3693 1294 3754 et
1310 3682 1460 3774 Stephani,

365 3795 541 3864 Illustrium
557 3797 680 3883 Regum
705 3795 871 3884 Hungarie
889 3795 1032 3865 felicium
1057 3795 1331 3882 recordacionem,
1352 3789 1460 3863 emissi·

366 3924 489 3972 morum
504 3925 639 3974 auorum
655 3915 847 3993 nostrorum,
858 3906 949 3974 iuxta
962 3906 1106 3994 ipsorum
1121 3907 1359 3976 continenciam
1381 3897 1459 3992 priui·

366 4012 524 4098 legionum
555 4015 783 4101 permansistis
809 4033 913 4101 usque
939 4015 1045 4083 modo.
1072 4015 1113 4080 Rt
1138 4017 1170 4083 id
1195 4015 1289 4084 rolris
1320 4014 1458 4083 faciemus

367 4122 448 4190 deta
464 4121 528 4191 ode
543 4129 658 4192 nostra
674 4123 801 4210 Regali,
818 4130 852 4190 et
876 4121 983 4192 adhuc
999 4123 1032 4189 11
1048 4123 1194 4210 pluribus
1210 4131 1354 4192 vestram
1369 4137 1458 4208 prece·

367 4231 492 4298 cionem
507 4230 734 4316 admittemns;
751 4234 835 4301 siunt
850 4233 883 4297 in
899 4231 1051 4300 libertato
1067 4239 1177 4300 restra
1192 4232 1399 4318 priuilegium
1409 4229 1455 4315 lic·

366 4339 418 4426 gis
434 4341 582 4409 Ladialai
593 4343 744 4427 continet,
756 4349 789 4409 et
805 4347 914 4410 nostro
925 4339 1189 4410 confirmauimus
1202 4339 1456 4428 priuilegioltcu

365 4449 591 4532 concessimus,
611 4449 696 4535 quod
712 4449 901 4536 sagittarios
911 4451 1059 4536 populos,
1077 4469 1158 4534 quos
1175 4449 1325 4517 dominns
1341 4445 1454 4532 Stepi·

365 4577 431 4625 nus
443 4565 475 4624 et
498 4556 646 4627 dominus
671 4557 844 4626 Ladialaus
869 4561 979 4646 Reges
1005 4557 1098 4627 vobis
1114 4560 1147 4624 in
1165 4557 1305 4644 populos
1322 4563 1354 4624 et
1369 4555 1454 4622 socios

366 4669 571 4754 deputarunt,
587 4667 797 4753 relinquimus
813 4675 846 4738 et
856 4687 916 4737 nos
931 4667 1037 4756 robis,
1057 4667 1090 4735 in
1107 4667 1223 4736 eadem
1240 4666 1388 4736 libertate
1402 4675 1452 4750 per·
