3082 5166
811 267 967 367 geo-

223 544 225 550 s
326 472 479 552 mentum,
496 464 584 534 omni
598 464 713 536 fraude
728 471 761 532 et
786 465 864 535 dolo
879 467 1026 535 remotis.
1052 467 1207 537 Omnibus
1223 487 1299 536 vero
1330 467 1393 554 hijs
1408 477 1437 537 st
1514 457 1515 518 Ῑ

323 575 463 664 singulis
476 573 673 662 supradietis
690 575 889 645 venerabilis
905 583 1008 663 peter
1026 576 1175 645 dominns
1194 577 1384 648 Minisleuus
1395 575 1434 665 (i)
1514 603 1515 622 1

325 686 389 754 Dei
404 685 517 771 grania
533 683 714 773 Episcopus
730 682 959 754 Gorbauiensis
968 733 978 768 ,
1003 684 1152 754 doninus
1171 685 1322 756 Vuloette
1342 685 1431 754 Pote-

324 803 394 866 stne
409 795 592 873 Nemesis,
616 794 739 864 domini
754 794 936 882 Georgius,
954 796 1086 864 Morene
1102 815 1142 863 ae
1159 795 1338 881 Gregorius
1353 793 1435 862 nohi-

324 905 373 974 les
390 904 432 972 de
447 905 580 990 Beroen,
597 901 770 972 Obruddns
782 905 993 974 Oestellenus
1009 905 1051 974 de
1059 905 1232 988 Pooitsssi‚
1242 911 1276 970 et
1286 903 1433 974 Redosle·

325 1035 383 1084 uus
399 1015 643 1082 Protonoterius
669 1015 908 1100 sepenomineti
935 1014 1057 1082 domini
1081 1012 1175 1082 Pauli
1196 1014 1300 1098 Beni,
1327 1019 1359 1080 et
1383 1012 1432 1097 slij

322 1125 547 1210 quamplures
566 1123 674 1192 noeeti
692 1128 724 1189 et
740 1129 845 1210 rogati
876 1123 1191 1194 testesfuerunt.1u
1217 1124 1309 1191 euius
1333 1120 1380 1190 rei
1395 1129 1434 1190 te-

324 1230 513 1302 stimonium
528 1252 568 1301 no
584 1237 774 1320 perpetuam
791 1233 919 1302 roboris
935 1231 1143 1318 firmitatem,
1161 1230 1303 1317 sepefeti
1318 1229 1433 1299 donini

324 1339 445 1410 Paulus
461 1343 583 1426 Bonus,
601 1341 763 1428 Georgius
780 1347 812 1408 et
827 1339 1001 1410 Miedenus
1020 1339 1140 1408 fratres
1156 1339 1247 1427 eius,
1264 1357 1305 1404 oo
1319 1336 1433 1407 notate·

325 1470 387 1519 nus
413 1452 576 1538 prenotati
603 1451 725 1518 domini
740 1451 835 1520 Pauli
859 1450 943 1518 Boni
964 1449 1074 1530 filius,
1098 1452 1346 1518 instrumentum
1372 1465 1432 1534 pre-

325 1577 401 1629 sens
417 1561 564 1629 feserunt
589 1561 705 1647 sigillis
722 1551 833 1629 eorum
850 1559 1073 1645 pendentibus
1092 1556 1267 1626 munimine
1282 1555 1431 1625 roborari.

433 1669 503 1758 Ego
519 1671 697 1757 cenapane
712 1668 754 1736 de
770 1668 887 1757 Anehy
903 1669 1088 1738 Gnnonious
1111 1665 1348 1754 Traguriensis
1357 1715 1366 1748 ,
1382 1685 1433 1732 au·

289 1859 293 1868 .
326 1777 476 1844 otoritnte
490 1777 653 1863 Imperinli
667 1775 833 1861 Notarius,
849 1768 981 1844 interfui
998 1781 1030 1844 et
1045 1783 1162 1861 rogatu
1175 1773 1320 1860 ssoripsi
1336 1779 1367 1842 st
1381 1793 1430 1862 pu-

327 1885 458 1964 blicani,
473 1904 578 1952 meum
595 1885 726 1954 solitum
741 1883 869 1972 signum
887 1903 1069 1972 apponens.

434 1989 555 2084 (Jegye
569 1993 819 2074 keresztforms,
844 1993 1014 2063 kilonsile
1033 1986 1338 2078 ezisresogokkul.)

341 2190 368 2246 A
381 2192 468 2248 oeten.
484 2192 573 2248 titkor
585 2189 707 2250 reverter
718 2188 914 2260 orerietejeriii¹
938 2189 1018 2245 Mind
1031 2207 1050 2246 e
1062 2187 1162 2246 hirom
1182 2185 1282 2262 peesdt
1296 2183 1433 2260 &prognen

464 2277 466 2284 ’
720 2299 788 2339 van.
805 2282 925 2338 Haemos·
937 2277 1057 2351 modio.)
