3094 5168
594 1024 672 1092 tao.

83 1217 124 1283 112
137 1219 252 1308 erddyi
265 1220 421 1308 kdptcloo
445 1224 717 1310 biaooyactplecele,
734 1221 814 1311 kopp
830 1221 908 1290 Atel
924 1227 955 1290 e‘a
975 1223 1102 1311 Erodre,
1128 1225 1192 1290 Mi·

84 1327 218 1415 idlpfica'
242 1329 382 1418 Oloyrus
404 1331 541 1399 birtokot
564 1332 752 1436 Jdoosaalc,
782 1333 897 1399 Temos
912 1323 1030 1418 fidaok
1055 1332 1192 1401 elatrat.

584 1442 682 1506 1298.

180 1637 244 1725 (ΑΖ
260 1637 385 1730 erdeiyi
409 1639 583 1728 vajdanak
608 1638 857 1730 egyszersmind
881 1639 1031 1710 suolnoki
1050 1639 1193 1727 sdisptn-
1254 1657 1256 1664 ·
1371 1641 1375 1652 “

84 1747 144 1814 nuk
159 1766 222 1836 egy
241 1748 383 1818 1305-ki
393 1749 796 1838 okmtnyatartalmazna,
806 1749 898 1837 hogy
910 1747 1195 1838 ,iohannestilius

82 1855 217 1924 Thome“
235 1859 316 1928 eldtt
340 1879 380 1928 az
395 1857 521 1946 erdelyi
548 1857 780 1944 kaptalannak
803 1857 1113 1946 biuonystgleveltt
1136 1855 1195 1924 tel·

83 1961 228 2054 motatta)
246 1967 302 2054 „in
318 1967 438 2052 quibus
464 1965 711 2051 continebatur,
730 1966 818 2051 quod
843 1987 931 2035 anno
948 1966 1119 2036 Dominioe
1143 1968 1196 2033 In·

83 2073 280 2145 camacionia
305 2073 363 2144 M⁰.
380 2076 459 2145 00⁰.
480 2075 695 2161 nonogesimo
721 2081 838 2146 octavo
866 2077 954 2144 Abel
979 2083 1012 2142 et
1035 2075 1197 2156 Andreas,

83 2181 136 2249 tilii
149 2185 331 2272 Myobaelis
355 2184 415 2254 filii
430 2187 536 2255 Abeel
563 2185 731 2256 cuiusdam
743 2235 752 2272 ,
779 2193 900 2254 terram
925 2206 1036 2254 eornm
1052 2185 1199 2272 Olnyrus

84 2291 259 2378 predictam
276 2313 318 2362 ex
334 2315 498 2365 consensu
513 2295 656 2364 omnium
673 2303 980 2381 commetaneorum,
997 2293 1124 2362 Thome
1140 2292 1200 2360 filii

82 2401 240 2472 Ambrosii
256 2405 361 2490 patris
377 2403 606 2492 predictorum,
622 2404 793 2491 Jobaunis,
809 2404 958 2474 Ladislai
974 2410 1007 2472 et
1023 2401 1197 2490 Stephani,

83 2515 143 2574 tam
158 2511 292 2582 racione
308 2511 538 2601 proximitatis,
561 2531 658 2597 qnam
676 2513 781 2583 eciam
796 2514 930 2584 racione
945 2513 1095 2601 pecunie,
1110 2509 1200 2580 vide-

81 2617 151 2686 licet
175 2620 294 2706 viginti
310 2629 451 2706 quatuor
465 2641 668 2704 marcarum,
695 2643 768 2693 cnm
784 2623 934 2694 omnibus
950 2617 1149 2690 utilitatibus
1167 2625 1199 2682 et

82 2727 293 2816 pertineneijs
309 2733 386 2817 suis,
402 2731 519 2818 pratis,
536 2731 666 2818 tenetis,
683 2731 778 2800 siluis
795 2737 828 2799 et
842 2733 915 2800 loco
931 2728 1124 2814 molendini,
1141 2725 1202 2794 sub

83 2836 202 2904 eisdem
227 2839 374 2923 antiquis
391 2841 487 2909 motis
514 2846 548 2907 et
564 2841 734 2925 terminis,
761 2839 883 2924 quibus
898 2837 983 2905 idem
1009 2835 1199 2924 possedisse

82 2944 323 3032 dinoscebatur,
339 2950 436 3035 plene
452 2951 595 3037 receptis
604 2950 649 3016 ab
665 2947 782 3018 eodem
795 2947 970 3034 pecuniam
985 2949 1202 3032 pretaxatam,

84 3055 271 3126 uendidisse
287 3063 443 3142 perpetuo
457 3057 693 3144 possidendam
711 3057 868 3125 heredum
886 3074 945 3142 per
960 3055 1122 3134 heredes,
1149 3071 1202 3118 oe-

82 3173 292 3250 snmpnentes
310 3166 449 3233 eundem
464 3163 626 3234 'Pbomam
643 3173 677 3233 et
692 3165 778 3234 filios
796 3184 874 3232 snos
890 3161 976 3230 Abel
992 3167 1025 3228 et
1041 3160 1204 3229 Andream

82 3274 246 3356 predictos
262 3274 307 3342 ab
323 3277 473 3344 omnibns
489 3275 730 3362 impetitoribus
746 3275 880 3344 racione
895 3264 1004 3360 ipsius
1021 3268 1204 3356 possessio·

82 3383 127 3452 nis
142 3383 294 3474 Olnyrus
303 3435 313 3471 ,
339 3385 496 3471 expedire
512 3391 545 3454 et
562 3385 594 3451 in
622 3384 761 3471 pacifico
783 3383 991 3470 possessione
1007 3400 1079 3450 cum
1097 3376 1207 3463 quiete

82 3489 310 3562 conseruare.“

131 3686 277 3760 (Tentach
294 3690 325 3750 ds
337 3689 517 3761 Firnhcber,
531 3688 721 3748 Urkundenb.
735 3709 760 3748 n.
773 3688 870 3746 Gesoh
892 3686 1030 3746 Siebenb.
1051 3685 1073 3742 1.
1087 3686 1147 3742 ket

470 3781 606 3838 LXXIX.
619 3780 639 3837 i.
650 3779 711 3838 365.
725 3797 765 3835 an.
779 3777 818 3850 a.)

511 4081 771 4094 m—
