3072 5168
549 361 696 464 Q

43 559 81 620 et
95 555 235 624 nornine
251 553 330 626 dieti
347 557 471 624 domini
497 559 599 626 Duois
616 559 842 644 Veneriorum,
863 560 1049 629 Communis
1066 571 1098 628 et
1114 559 1175 630 bo·

45 665 180 732 minum
200 663 434 752 veneciarum,
461 671 498 733 ιιι
523 686 625 753 supra
649 667 808 754 soripbrm
833 677 892 752 est,
918 689 956 737 se
973 670 1117 739 fauturos
1143 675 1176 736 et

49 781 227 842 duraturos
253 775 340 842 omni
365 777 564 862 exoopoione
591 784 624 845 et
639 775 813 846 oooasione
840 780 984 862 remotis,
1002 782 1089 865 quod
1103 797 1177 868 pre-

51 880 165 952 diotus
182 885 299 953 Comes
316 883 480 972 Georgius
496 893 563 953 ιιιιιι
580 903 640 954 suo
656 887 786 955 nomine
806 891 838 952 et
853 906 985 955 auorum
1001 887 1177 972 bominum,

53 1011 157 1076 quem
184 993 370 1062 communis
396 992 607 1062 othoninum
634 995 782 1082 Almisii,
809 1002 844 1062 ut
869 997 1090 1084 supradictum
1116 1005 1178 1084 est,

56 1101 153 1168 firma
169 1091 204 1169 ιι
217 1111 292 1171 rata
308 1103 452 1186 babebit,
468 1109 502 1168 ot
516 1103 661 1188 tenebit,
679 1113 712 1170 ιι
727 1104 923 1187 observabit,
941 1113 973 1171 ιι
987 1105 1179 1192 adimplebit

53 1209 170 1278 omnia
184 1217 218 1277 et
243 1211 375 1295 singula
399 1213 624 1298 suprascripta
635 1265 644 1300 ,
671 1217 704 1278 et
719 1213 889 1295 quodlibet
905 1233 1036 1296 ιοιιιιιι,
1063 1226 1095 1280 et
1114 1235 1179 1281 non

50 1311 273 1390 eontrafdoiet
289 1322 342 1387 vet
358 1321 469 1387 veniet
494 1320 606 1406 aiiqna
622 1319 764 1402 racione,
783 1323 914 1407 ingenio
932 1322 1001 1392 sivo
1020 1345 1122 1394 eausa
1137 1323 1178 1389 de

44 1428 129 1513 juro
146 1430 199 1496 vel
215 1428 257 1497 de
271 1429 358 1496 faoto
368 1482 378 1518 ,
407 1431 468 1496 tub
488 1431 583 1514 penis
600 1429 758 1515 predictis
782 1449 840 1514 per
859 1449 915 1497 eos
930 1432 983 1497 vel
1001 1432 1179 1514 quemlibet

51 1555 169 1604 eorum
186 1538 353 1622 expressis
369 1538 506 1606 solemni
516 1537 735 1624 stipulaoione
747 1539 912 1621 promisso
923 1545 956 1607 et
972 1541 1179 1626 obligeoione

52 1648 202 1714 omniurn
220 1650 377 1716 bonorum
401 1665 533 1714 snorum
549 1655 582 1714 et
596 1646 773 1732 cujustibet
790 1665 910 1728 eorum,
930 1666 989 1731 pro
1012 1649 1179 1732 quantita-

51 1755 145 1822 tibus
162 1757 369 1846 supradiotis,
386 1756 554 1823 mobilium
571 1763 604 1821 et
620 1752 840 1837 immobilium,
863 1756 1067 1840 presencium
1085 1762 1117 1823 et
1132 1755 1179 1822 iu·

55 1871 215 1932 tororum.
241 1866 326 1931 Aeta
341 1872 374 1932 ιι
389 1865 519 1931 firmata
543 1863 672 1932 suerunt
698 1862 848 1948 prediota
875 1863 986 1930 omnia
1003 1871 1035 1930 et
1050 1864 1179 1949 singula

54 1971 107 2039 ad
119 1970 271 2041 Obroium
299 1973 411 2042 villam
428 1975 547 2043 Sanoto
575 1973 680 2043 Mario
697 1971 885 2037 monialium
903 1971 944 2064 de
970 1972 1069 2039 Iadra
1085 1975 1118 2040 in
1135 1977 1179 2039 lo-

52 2080 117 2164 gia
141 2081 228 2149 dioto
255 2083 351 2164 ville,
369 2081 575 2168 presentibus
601 2080 765 2150 nobilibus
783 2079 862 2148 viris
878 2080 1021 2148 dominis
1045 2081 1122 2147 Vita
1138 2081 1179 2150 de

55 2187 175 2274 Cerno,
192 2198 226 2257 et
240 2188 368 2274 Mergia
393 2188 553 2254 Miohaele
569 2189 611 2254 de
628 2189 800 2271 Varioasa,
819 2194 850 2252 ιι
865 2187 992 2257 Jaoobo
1009 2188 1050 2255 do
1066 2189 1182 2256 Zadol-

54 2296 147 2382 linit,
163 2317 203 2364 ao
221 2299 362 2366 dominis
387 2297 529 2381 Rogerio
555 2295 596 2362 de
622 2299 813 2364 Loureohen
825 2343 834 2377 ,
861 2295 999 2364 Votuina
1021 2297 1063 2366 de
1079 2298 1181 2365 Mate·

55 2409 153 2488 fato,
171 2407 280 2474 Mioba
297 2407 443 2486 Pioario,
471 2407 632 2491 Gregorio
647 2405 735 2472 dioto
752 2408 875 2474 (iresoo
895 2406 937 2470 de
954 2407 1077 2474 Botone
1105 2407 1183 2476 eivi-

55 2517 123 2582 bus
136 2517 353 2584 Jadrensibus
378 2525 412 2584 et
427 2515 502 2584 aliis
528 2518 678 2602 pluribus
703 2517 842 2582 testibus
868 2517 912 2582 ad
930 2515 990 2582 beo
1010 2517 1135 2583 voeatis
1152 2523 1184 2583 ιι

56 2623 196 2710 rogatis.

653 2732 724 2816 Ego
750 2732 914 2799 Antonius
939 2732 1105 2818 quondam
1121 2733 1184 2802 Ro·

596 2839 739 2907 lenduzii
754 2841 796 2907 de
809 2841 957 2909 Bononia
967 2843 1133 2929 Imperiali
1152 2849 1186 2907 et

601 2948 800 3016 Preiootoria
822 2951 1019 3017 auotoritate
1032 2950 1135 3016 Index
1151 2957 1185 3018 et

599 3059 758 3126 Notarius
783 3058 940 3143 prodistis
966 3059 1116 3126 omnibus
1132 3060 1183 3128 in·

597 3167 694 3232 tersui
720 3175 753 3233 et
778 3175 931 3253 utsupra
949 3166 1070 3254 tegitur
1093 3188 1185 3254 roga·

597 3282 649 3341 tuo
666 3275 797 3359 publioe
814 3275 941 3360 scripsi.

104 3487 145 3558 (Δ
159 3485 270 3558 ,Liber
282 3483 452 3544 Paotomm“
464 3484 553 3542 oaimd
567 3488 715 3545 velenoaei
728 3487 915 3560 dllamkbnyv
928 3490 977 3546 111.
991 3487 1142 3545 bonetto!

583 3578 626 3636 66.
639 3579 670 3650 l.)

574 3893 580 3895 .
593 3891 597 3895 ,
607 3890 759 3898 ...ψ-ιω..

119 4806 224 4856 tonora
236 4811 318 4856 nono.
329 4805 504 4854 nisa-nuta
516 4809 549 4854 ro.
