3144 5180
572 263 709 355 γ21

130 489 291 561 modestis
307 487 477 572 inclinati,
503 487 750 556 considerantes
775 489 1005 560 nichilominus
1021 492 1201 564 fidelitates
1218 503 1251 563 et

129 599 274 668 seruicia
291 599 467 668 eorundem
485 597 580 664 nobis
591 604 623 664 et
639 599 751 680 Regno
763 599 918 684 proficua,
936 607 1106 668 cernentes
1123 608 1155 666 et
1171 623 1248 687 pau·

129 715 275 795 pertates
291 715 324 774 et
340 705 592 793 indempnitates
619 706 762 794 ipsorum
782 707 945 794 hospitum
971 714 1156 777 nostrorum
1173 732 1248 798 pro-

129 825 205 903 pter
236 815 391 904 temporis
424 815 639 901 impaecciam
672 834 866 903 perpessas;
899 818 1035 902 prelatIs
1065 817 1250 906 hospitibus

129 925 252 992 nostris
269 924 311 992 de
328 923 496 1008 Desalrna,
518 923 728 1011 congregatis
745 931 778 992 et
793 926 1043 1014 congregandis,
1064 929 1157 996 illam
1175 951 1250 998 can·

130 1035 206 1100 dem
221 1033 406 1100 libertatem
418 1035 611 1101 contulimus
622 1041 655 1098 et
671 1034 904 1118 concessimus,
921 1056 987 1118 qua
998 1036 1149 1103 libertate
1159 1039 1249 1105 ciues

130 1141 174 1208 de
191 1143 308 1210 Castro
323 1143 484 1226 Budensi,
510 1149 544 1209 et
559 1141 798 1226 Strigoniensl,
814 1149 845 1210 et
861 1143 1010 1228 hospites
1025 1143 1067 1212 de
1082 1146 1249 1230 Zathmar,

131 1271 173 1317 ac
190 1253 328 1318 aliarum
345 1245 520 1319 liberarum
546 1251 699 1318 villarum
715 1259 895 1318 nostrarum
916 1252 1130 1337 perfruuntur.
1147 1255 1200 1320 Ita
1215 1263 1250 1321 nt
1348 1333 1350 1336 ¹

130 1359 265 1427 villicus
280 1357 426 1447 ipsorum
452 1379 511 1444 pro
539 1365 686 1444 tempore
711 1361 924 1442 constitutus,
947 1381 1060 1428 omnes
1081 1381 1198 1430 causas
1214 1363 1249 1429 in

129 1467 212 1533 villa
228 1477 434 1552 emergentes
450 1467 512 1536 fine
529 1469 641 1536 debito
658 1469 771 1536 valeat
789 1470 973 1554 terminare,
993 1476 1025 1537 et
1041 1470 1126 1553 quod
1142 1473 1249 1539 nullus

130 1575 224 1660 ipsos
240 1580 347 1663 possit
372 1579 516 1646 iudicare
540 1585 651 1663 preter
669 1577 813 1645 villicum
839 1599 969 1658 eorum,
995 1581 1038 1646 ab
1055 1579 1180 1647 eisdem
1206 1581 1249 1650 de

130 1687 292 1753 communi
308 1690 479 1755 voluntate
495 1689 655 1770 clectum;
689 1694 721 1754 et
737 1689 765 1754 sl
782 1687 912 1756 uillicus
931 1690 963 1754 in
989 1689 1144 1757 facienda
1159 1691 1250 1757 iusti·

128 1795 183 1860 cia
201 1815 274 1862 cum
289 1796 358 1862 suis
375 1796 508 1864 villanis
524 1796 695 1881 negligens
712 1797 865 1864 inuentus
882 1797 981 1864 luerit
1010 1805 1068 1864 aut
1083 1799 1248 1882 remissus,

128 1903 219 1968 idem
234 1901 375 1987 villicus,
387 1911 494 1972 etnon
505 1905 665 1989 hospites,
677 1906 801 1974 debeat
812 1905 989 1990 conueniri,
1003 1907 1174 1993 ipsumque
1189 1909 1248 1976 vil-

127 2011 226 2078 licum
237 2031 303 2079 non
314 2013 411 2096 alius,
422 2014 482 2080 sed
493 2015 546 2082 nel
563 2035 624 2083 nos
635 2014 861 2101 personaliter,
879 2015 933 2080 uel
945 2015 1103 2098 Magister
1113 2017 1247 2082 Tanar-

127 2121 275 2188 uicorum
302 2127 483 2186 nostrornm
508 2123 580 2190 viee
606 2130 717 2189 nostra
742 2123 864 2188 debeat
892 2120 1059 2206 iudicare,
1084 2143 1105 2188 a
1130 2121 1248 2189 iudicio

127 2236 242 2294 autem
259 2235 292 2294 ct
308 2229 538 2297 iurisdictione
564 2231 737 2315 Wayuode
753 2228 980 2298 rl'ranssiluani
1007 2239 1040 2297 et
1057 2229 1192 2297 Comitis
1209 2231 1250 2298 de

126 2335 244 2402 Zonulr
259 2355 318 2422 pro
344 2344 493 2424 ternpore
522 2339 711 2422 constituti,
738 2337 884 2421 hospites
900 2345 1030 2405 nostros
1055 2344 1249 2404 memoratos

125 2447 257 2531 penitus
275 2446 425 2514 duximus
443 2447 655 2533 eximendos3
673 2450 820 2515 volumus
838 2449 953 2532 eciam,
973 2453 1009 2513 ut
1026 2447 1134 2515 nullus
1149 2449 1249 2514 Baro-

125 2572 204 2618 num
222 2560 406 2622 nostrorum
424 2575 522 2638 super
547 2554 637 2641 ipsos
654 2555 834 2640 hospicium
861 2555 972 2622 facere
996 2555 1101 2642 possit
1127 2555 1248 2622 violen-

126 2667 205 2726 tum.
219 2663 301 2728 Item
318 2661 517 2746 ordinamus,
535 2671 570 2730 vt
585 2664 728 2732 Comites
746 2662 884 2731 Camars
901 2671 1010 2731 nostre
1027 2683 1086 2750 pro
1103 2670 1250 2751 tempore

125 2770 295 2837 constituti
312 2769 460 2840 salicidis
477 2791 545 2838 scw
561 2770 765 2839 excisoribus
792 2772 911 2839 salium
929 2774 970 2840 dc
990 2773 1174 2841 Desakana
1189 2793 1249 2858 pro

125 2879 267 2963 singulis
278 2887 406 2946 centum
418 2880 544 2948 salibus
554 2880 686 2947 soluere
697 2877 785 2967 (lgy)
797 2879 941 2946 debeant
952 2887 1090 2964 quatuor
1105 2885 1250 2970 pondera

125 2989 160 3053 in
179 2989 328 3074 denarijs
339 3039 348 3073 ,
374 2997 470 3074 prout
486 2993 562 3055 tunc
578 2989 611 3053 ln
633 2989 804 3074 prouincia
826 2998 975 3074 current,
1001 2996 1034 3056 et
1049 2991 1250 3058 delatoribus

125 3099 304 3166 eorundem
318 3097 458 3182 sallum,
487 3099 549 3164 sub
567 3097 715 3184 predicto
733 3099 921 3167 centenario
939 3119 1071 3168 numero
1088 3100 1150 3166 duo
1165 3119 1250 3185 pon·

124 3205 209 3276 dera
223 3208 353 3275 soluere
364 3213 551 3288 teneantur,
569 3206 721 3273 slmiliter
735 3207 769 3274 in
781 3207 929 3294 denarijs
940 3207 1150 3275 currentibus.
1168 3209 1250 3274 Item

124 3317 310 3400 statuimus,
328 3315 411 3400 quod
429 3315 611 3399 quamlibet
628 3315 840 3384 salifodinam
857 3316 936 3384 dicti
952 3315 1095 3384 Gomitcs
1112 3317 1250 3384 Camere

124 3431 252 3509 nostre,
270 3426 357 3492 omni
369 3446 466 3510 anno,
485 3445 588 3510 usquc
598 3425 641 3492 ad
657 3405 774 3491 festum
785 3426 897 3495 Sancti
913 3425 1074 3520 Iohannis
1090 3427 1249 3513 Baptiste,

126 3555 189 3620 pro
216 3541 344 3619 septem
370 3539 488 3601 marcis
515 3521 588 3602 cum
613 3534 829 3602 extimaeione
854 3530 999 3603 debeant
1023 3533 1248 3636 redissemus

124 3643 314 3730 hospitibus
340 3644 462 3711 nostris
488 3645 696 3728 memoratis,
732 3653 764 3710 ct
791 3643 922 3738 alesto
948 3643 1062 3720 Sancti
1086 3643 1249 3712 Iohannis

123 3753 276 3841 Baptiste
302 3771 406 3837 nsque
431 3753 550 3820 festum
577 3753 690 3820 Sancti
715 3753 846 3820 Martini
871 3753 1021 3821 similiter
1046 3773 1105 3840 pro
1121 3759 1250 3839 septem

123 3861 247 3930 mareis
275 3881 347 3928 cum
375 3863 592 3930 ertImccione
623 3863 804 3946 quamlibet
835 3862 1046 3930 salifodiuam
1076 3861 1249 3930 redimant.

122 3971 211 4038 Item
229 3971 467 4048 concessimus,
494 3977 529 4038 ut
546 3977 626 4038 ante
642 3971 764 4039 testum
781 3969 893 4039 Sancti
910 3965 1040 4038 Maltini
1064 3971 1167 4040 tribus
1183 3971 1250 4038 die·

122 4078 190 4146 bns
208 4083 333 4164 etpost
359 4078 476 4145 testum
501 4079 782 4147 similitudines
798 4077 934 4166 diebus,
961 4080 989 4150 si
1005 4101 1070 4146 non
1095 4083 1161 4148 sint
1178 4079 1248 4149 dics

121 4185 312 4269 interdicti,
339 4187 372 4253 in
389 4189 572 4256 salifodina
588 4196 702 4259 nostra
718 4209 777 4276 pro
793 4207 830 4256 sc
846 4189 934 4258 sales
958 4188 1103 4260 incidere
1123 4191 1249 4276 absque
1285 4245 1291 4266 .

122 4295 258 4363 dealma
275 4302 310 4362 et
327 4296 368 4362 ah
384 4298 496 4381 aliquo
512 4299 633 4368 tributo
658 4299 797 4365 liberam
812 4299 960 4367 habeant
976 4299 1185 4385 facultatem3
1201 4299 1248 4366 ita

124 4413 162 4470 ut
179 4423 242 4469 nec
259 4403 443 4491 Weyuoda,
460 4425 522 4473 nec
539 4392 776 4492 (lomesipsius
802 4407 843 4472 de
859 4407 976 4475 Zonuk
992 4406 1124 4474 racione
1148 4407 1250 4475 dicto-²

112 4533 187 4580 rum
204 4513 340 4598 salium,
357 4515 462 4584 donec
474 4515 663 4584 vendicioni
679 4522 869 4602 exponatur,
887 4517 1009 4586 audeat
1031 4516 1249 4601 velpresum·

124 4631 197 4688 mat
213 4625 393 4692 molestare
417 4625 563 4710 hospites
581 4633 710 4694 nostros
730 4631 934 4696 memoratos.
962 4625 1113 4697 (letarum
1130 4624 1245 4700 statut
