3072 5168
61 529 140 576 eum
163 507 276 576 eundo
294 507 383 575 eadit
407 507 440 573 in
457 504 591 574 fluuium
616 506 769 574 Batnulrs
792 508 1001 592 nominatum,
1018 525 1187 592 perquem

59 619 128 684 itnr
145 617 198 683 ad
214 616 395 701 predictum
419 615 551 682 fluuium
569 616 753 698 Borsne‚et
769 601 889 683 abbino
905 616 1055 701 peruenit
1070 613 1116 680 ad
1131 610 1186 678 llu-

61 727 154 793 uinm
175 723 353 794 Pasunoha
369 731 580 791 memoratum
607 725 650 790 ad
675 727 795 790 metam
810 726 969 813 priorem3
987 729 1019 791 et
1038 724 1086 791 sio
1102 729 1187 789 mete

62 833 239 922 prelibato
265 831 485 917 possessionis
516 831 762 917 Feketeupotok
788 835 1021 915 terminantur,
1046 833 1130 900 siout
1153 831 1187 896 in

63 940 247 1028 priuilegio
263 939 383 1026 prefati
400 938 523 1006 domini
533 940 692 1025 Stephani
711 939 810 1025 Regis
823 944 1039 1027 oomperimns
1054 940 1188 1020 seriose,

65 1059 98 1117 et
113 1047 182 1116 lide
201 1047 341 1117 uidimus
352 1051 515 1134 occulata,
525 1055 621 1135 prout
636 1049 739 1117 eoiam
755 1051 906 1137 superius
922 1045 1108 1118 annotetur.
1126 1045 1188 1128 Qui

65 1159 206 1243 quidem
224 1157 389 1242 Comites,¹
407 1159 597 1224 Dominions
614 1156 740 1226 soilioet
756 1168 788 1225 et
806 1159 988 1224 Demetrius
1004 1159 1065 1242 filij
1081 1159 1188 1243 Nyoo·

66 1270 122 1351 lai,
140 1289 186 1336 ao
204 1269 319 1337 Petrus
343 1265 430 1333 filius
454 1267 618 1335 Jobennis
634 1265 704 1353 fiilij
730 1267 896 1354 Farkesij,
916 1267 998 1352 ipsis
1015 1267 1189 1351 sexaginta

68 1376 192 1444 mareis
210 1377 255 1443 ab
272 1377 345 1460 ipso
363 1375 487 1444 comite
512 1373 660 1460 Nyoolao
676 1377 824 1461 plenarie
840 1377 990 1461 receptis,
1007 1375 1114 1461 ipsum
1129 1372 1190 1441 (lo-

70 1487 183 1553 mitem
201 1484 377 1552 Nicolaum
394 1491 426 1550 et
443 1499 522 1550 suos
538 1480 677 1550 heredes
693 1504 733 1549 ao
744 1502 951 1550 suceessores
967 1483 1099 1550 raeione
1115 1502 1188 1570 pre·

70 1595 157 1661 ‹liote
174 1594 401 1680 possessionis
426 1591 676 1676 Felseteupotolr
703 1599 821 1658 nooate
836 1611 992 1680 processu
1009 1599 1189 1677 temporum

73 1703 291 1788 sibimetipsis
306 1702 477 1769 silenoinm
494 1709 671 1788 pepetunm
688 1702 882 1788 inponentes
900 1720 1009 1766 eoram
1025 1699 1129 1780 nobis,
1146 1698 1190 1765 ab

74 1812 226 1880 omnibus
245 1811 420 1877 molestare
446 1827 503 1876 seu
528 1809 714 1892 inquietare
735 1810 920 1876 nolentibus
947 1808 1120 1874 defensare
1138 1825 1189 1872 as·

72 1909 283 2005 sumpserunt
296 1919 436 2004 proprijs
446 1918 592 2001 ipsorum
609 1917 778 1983 laboribus
795 1923 828 1984 et
838 1917 1004 2000 expensis.
1021 1915 1065 1982 Vt
1081 1921 1189 1982 autem

74 2029 174 2096 series
190 2027 297 2114 ipsius
321 2025 557 2092 inuiolabiliter
582 2025 686 2108 possit
701 2043 904 2111 permanere,
930 2031 1041 2109 partes
1058 2041 1118 2090 nos
1134 2021 1188 2087 in-

75 2140 197 2204 stanter
213 2140 432 2220 rogauerunt,
459 2140 495 2199 nt
509 2137 619 2200 nostro
636 2131 808 2218 priuilegio
824 2131 986 2218 premissa
1004 2130 1191 2198 intendere·

78 2263 144 2312 mus
161 2244 367 2312 confirmare.
381 2243 452 2310 Nos
461 2243 560 2329 igitur
574 2243 659 2310 insto
677 2243 831 2330 peticioni
846 2243 991 2330 parcium
1008 2247 1191 2310 annuentes

80 2373 175 2422 eausa
191 2353 326 2422 instioie
342 2351 453 2418 omnia
468 2354 631 2440 premisse
655 2350 842 2436 redegimus
866 2354 900 2419 in
915 2353 1071 2437 seriptum
1086 2357 1120 2417 et
1133 2371 1191 2438 ap-

80 2463 244 2548 positione
260 2461 437 2548 pendentis
457 2459 560 2545 sigilli
585 2459 688 2526 nostri
714 2459 866 2526 duximus
891 2459 1110 2529 confirmanda
1133 2479 1192 2545 pro

80 2569 123 2637 rei
137 2569 296 2638 memoria
312 2573 521 2654 sempiterna,
539 2573 573 2633 et
588 2567 821 2637 inuiolabiliter
838 2567 1055 2636 obseruanda.
1072 2569 1191 2634 Datum

82 2680 111 2743 in
123 2678 207 2746 festo
225 2679 419 2747 Natiuitatis
434 2676 526 2743 Beati
550 2677 714 2744 Jobannis
730 2675 878 2762 Baptiste
894 2696 980 2742 anno
997 2676 1127 2744 Domini
1142 2677 1192 2743 Μ0

82 2787 369 2872 00⁰nonagesimo
379 2785 506 2871 quinto.
517 2785 659 2852 Domino
669 2786 836 2854 Demetrio
847 2785 1026 2869 Proposito,
1037 2783 1192 2852 Jobenlra

81 2893 229 2979 bettore,
260 2896 454 2964 (lbanadino
481 2891 621 2962 Castore
646 2899 679 2959 et
704 2893 845 2963 Martino
862 2893 1007 2962 Custode
1029 2891 1192 2978 magistris

82 3004 223 3073 bnelesie
239 3013 351 3074 nostre
372 3003 599 3072 existentibus.

274 3201 421 3272 (ilredetie
435 3217 453 3256 a
465 3217 507 3271 gr.
521 3196 643 3270 Kerolpi
656 3195 756 3256 osalsd
769 3196 989 3268 leveltsrslban.)

517 3486 767 3499 ffl-
