3072 5168
576 305 729 418 Q

83 495 220 564 litterae
246 497 347 585 sigilli
362 503 465 569 nostri
490 503 668 572 munimine
684 507 865 576 roboratas.
891 509 1015 576 Datum
1040 529 1127 578 anno
1147 513 1212 578 Do·

85 604 172 672 mini
187 607 231 672 ht.
249 605 313 676 00.
329 613 546 696 nonagesimo
562 613 685 696 quinto.

88 797 302 872 (Soakadoaott
314 801 446 877 hartyein
460 805 487 861 A
498 806 599 878 penset
611 809 760 868 elveszett.
774 810 1058 885 Peneonyhtptalani
1072 813 1209 886 orsntgos

289 893 420 954 leveltrir.
434 895 531 970 Capsa
543 897 620 956 XIV.
633 904 716 957 Faso.
729 902 754 956 2.
770 903 836 960 Nro.
851 903 875 958 7.
900 902 1014 974 Konna.)

532 1191 632 1200 ——.-.
642 1193 697 1200 ⁰...
717 1192 760 1198 --
770 1191 779 1200 μ

626 1729 681 1795 85.

86 1923 117 1988 A
132 1923 336 2010 napyvctradi
350 1925 506 2010 loctptalan
517 1927 790 2015 bizoopsa'plevele‚
807 1927 886 2014 kopp
903 1927 1020 1993 Miletos
1036 1932 1066 1993 e'e
1082 1931 1207 1996 Farkaa

78 2034 154 2116 fiai,
175 2031 294 2097 Miklo's
310 2031 438 2119 proffal,
458 2035 538 2121 Tphe
556 2035 672 2122 fideret,
698 2036 910 2121 Feketepotole
926 2035 1099 2102 birtottdeo
1121 2040 1209 2104 irent

469 2165 558 2229 epyea
574 2144 702 2209 hadent.
726 2146 825 2212 1295.

196 2338 353 2408 Omnibus
368 2339 489 2409 Christi
505 2340 657 2408 fidelihus
668 2343 875 2426 presentibus
900 2344 1026 2430 pariter
1044 2351 1077 2410 et
1092 2345 1209 2412 thtnris

87 2448 276 2536 Capitulum
293 2447 442 2514 Eoolesie
466 2447 695 2516 waradiensis
712 2451 919 2535 presentium
945 2451 1101 2519 notioiam
1116 2452 1209 2520 habi-

87 2557 170 2624 tnris
187 2557 329 2624 salntem
353 2555 387 2621 in
404 2555 544 2624 omnium
572 2557 749 2627 seluatore.
766 2558 897 2626 Notieie
911 2559 1136 2627 vniuersorum
1152 2562 1209 2628 ha·

87 2686 159 2734 rum
175 2665 263 2732 serie
279 2666 428 2732 uolumus
445 2664 626 2749 declarare,
639 2666 726 2750 quod
736 2668 906 2736 Dominioo
922 2676 955 2734 et
970 2669 1138 2737 Demetrio
1149 2667 1208 2738 Go-

86 2773 222 2842 mitihns
239 2773 316 2840 titiis
331 2771 485 2860 Nyoolai,
505 2792 545 2840 ao
562 2777 657 2842 Petro
668 2773 734 2841 filio
750 2775 911 2844 Johannis
921 2775 980 2842 tilii
996 2777 1149 2864 Farkasij
1166 2778 1209 2844 ah

86 2903 152 2948 una
168 2890 284 2968 perte;
300 2884 377 2948 item
401 2882 528 2950 Gemite
552 2885 701 2968 Nyoolao
718 2884 785 2950 tilio
806 2884 900 2970 Tybe
915 2885 958 2951 ab
974 2887 1083 2953 altere
1099 2905 1208 2954 eoram

85 2991 184 3057 nohis
201 2991 418 3075 personaliter
444 2991 648 3074 mustitanis,
674 2991 774 3076 ijdem
800 2991 999 3072 Dominiens,
1023 2994 1209 3062 Demetrius

85 3109 120 3168 et
134 3103 255 3168 Petrus
272 3101 418 3170 Comites
434 3121 541 3198 snper·
558 3101 647 3170 teoto
673 3111 759 3170 terre
776 3121 835 3170 sen
861 3103 1081 3189 possessionis
1098 3103 1209 3170 soke-

86 3213 246 3296 tenpotok
262 3219 380 3279 uooate
397 3211 430 3278 in
447 3200 609 3280 comitatu
637 3211 679 3279 de
699 3211 851 3294 Wgooha
867 3213 1049 3298 existentis,
1066 3231 1126 3297 pro
1144 3231 1210 3294 qne

85 3325 202 3386 eontra
217 3319 323 3405 ipsum
339 3319 498 3388 Comitem
514 3321 697 3408 Nyoolaum
713 3318 813 3386 titium
839 3319 935 3408 Tybe
954 3320 1132 3406 jodioiario
1158 3339 1208 3387 or·

85 3427 165 3494 dine
181 3429 364 3514 presedere
374 3429 598 3514 intendebant,
611 3442 646 3495 nt
663 3429 824 3515 dixerunt,
845 3430 922 3514 quia
937 3450 959 3496 a
974 3428 1208 3496 nommetaneis

84 3543 120 3604 et
134 3537 254 3604 vieinis
271 3539 360 3608 dioto
385 3540 606 3626 possessionis
621 3539 895 3626 Fehetenpotok,
920 3544 953 3604 et
969 3537 1157 3624 speoioiiter
1172 3537 1206 3603 in

84 3646 262 3730 priuilegio
287 3646 408 3714 domini
433 3648 591 3732 Stephani
615 3649 713 3732 Regis
729 3649 898 3734 Hungarie
923 3646 1029 3715 felinis
1058 3644 1208 3716 reeorda-

86 3755 196 3824 oionis
214 3756 459 3843 nonperissent,
476 3757 581 3843 ipsam
597 3757 842 3843 possessionem
858 3775 899 3823 ex
915 3755 1097 3825 doneoiono
1121 3754 1208 3822 eius·

85 3863 161 3933 dem
181 3865 306 3934 domini
323 3866 483 3953 Stephani
503 3869 604 3952 Regis
631 3868 814 3954 peripsum
840 3867 998 3934 (tomitem
1023 3865 1207 3952 Nyoolaum

86 3973 190 4042 tilium
204 3973 301 4061 Tybe
316 3995 375 4060 pro
391 3973 544 4042 fidelibus
561 3977 711 4043 sernieiis
723 3977 790 4045 suis
807 3983 841 4044 et
858 3975 1031 4061 sanguinis
1048 3971 1207 4042 effusione

84 4083 281 4150 multimode
297 4081 397 4151 fnisse
413 4103 623 4171 possessam,
651 4103 734 4168 quas
752 4085 883 4171 quidem
909 4065 1037 4152 reiteras
1053 4083 1125 4149 sine
1140 4081 1204 4166 pri-

84 4191 245 4275 uilegium
264 4193 341 4260 dieti
360 4193 483 4262 domini
501 4193 663 4282 Stephani
688 4195 789 4280 Regis
810 4213 909 4281 snper
924 4193 1105 4261 oollaoione
1122 4190 1205 4258 eius·

88 4301 166 4369 dem
183 4302 406 4386 possessionis
416 4302 672 4388 Feheteopotok
683 4304 859 4386 contestes,
877 4311 909 4370 et
924 4299 1018 4369 nohis
1029 4299 1207 4388 peripsum

91 4409 255 4478 Comitem
272 4409 460 4497 Nyoolaum
486 4409 649 4478 exhibitas
664 4411 729 4478 fide
745 4409 889 4478 uidimus
915 4411 1065 4480 oeonlata
1090 4415 1123 4476 et
1137 4429 1208 4495 per·

87 4518 235 4606 tegimus,
252 4520 371 4606 preoia
386 4521 518 4587 rasione
534 4519 636 4605 ijdem
652 4519 798 4588 Oomites
816 4520 961 4604 opinioni
977 4525 1010 4587 et
1025 4517 1203 4588 intenoioni

86 4647 192 4697 eornm
208 4633 243 4698 in
259 4628 325 4696 heo
339 4635 436 4713 parte
450 4629 673 4715 resipuissent,
696 4649 772 4716 ymo
790 4628 865 4714 qnia
881 4627 1005 4695 eisdam
1021 4629 1096 4714 ipsa
1111 4644 1201 4712 pos·
