3082 5166
620 926 686 994 m.

96 1125 156 1190 Por
173 1124 412 1211 horodtorezdpu'
426 1125 496 1207 bria,
513 1133 615 1190 dcccco
631 1092 758 1212 Gy'o'rpp
775 1127 807 1190 11
813 1125 865 1209 fia
878 1124 1032 1214 Mlcdan,
1049 1128 1216 1194 Dalmatia

97 1235 289 1299 odroraiaolc
313 1231 439 1321 prdffai
466 1256 553 1320 app,
579 1235 611 1298 11
634 1233 759 1298 Heamlc
784 1235 923 1320 91111111
945 1234 1027 1321 prof
1046 1241 1113 1302 mdc
1136 1240 1215 1302 resz-

96 1341 147 1426 rtl,
166 1339 292 1408 1111111111
306 1339 458 1407 kdtelczilc
474 1341 638 1428 magnicat,
665 1342 744 1428 leopy
758 1342 981 1428 ppermclcailcet
997 1343 1215 1412 cccccccccc·
1284 1335 1286 1339 ’

398 1469 402 1476 ·
555 1449 630 1535 jot.
655 1449 752 1520 1300.

202 1647 242 1713 Iu
258 1645 389 1714 nomine
404 1644 539 1714 Domini
554 1647 670 1715 Amen.
696 1650 794 1716 Anno
810 1646 942 1718 Domini
966 1649 1139 1718 millesimo
1155 1656 1214 1720 tre-

87 1757 274 1824 centesimo
284 1806 292 1840 ‚
320 1754 511 1824 Indiecione
527 1756 765 1824 terciodecima
775 1807 785 1842 ,
812 1757 867 1824 die
883 1757 1054 1826 undecima
1071 1760 1215 1827 intrante

97 1868 254 1953 Angusto.
288 1866 405 1934 Actum
431 1865 555 1932 Saloue
581 1866 794 1951 presentibus
820 1867 958 1934 testibus
983 1863 1213 1953 infrascriptis.

96 1976 197 2055 Quum
215 1973 361 2042 omniurn
373 1974 498 2042 habere
514 1973 700 2042 memoriam
711 1977 824 2060 pocius
840 1981 890 2042 est
905 1975 1096 2044 Divinitatis
1116 1995 1212 2060 quam

96 2081 318 2166 humanitatis,
334 2083 410 2152 ideo
426 2081 524 2151 valde
540 2081 763 2150 necessarium
784 2083 998 2170 existimatur,
1017 2091 1053 2152 ut
1069 2084 1215 2169 quelibet

96 2191 259 2259 hominum
278 2197 356 2260 aeta
381 2190 476 2258 utilia
500 2189 674 2276 seripturis
700 2175 1213 2260 testimonialibusdeclarentur.

96 2299 147 2367 nd
165 2301 391 2370 universorum
407 2301 507 2388 igitur
523 2299 679 2368 noticiam
695 2299 858 2384 presentis
885 2299 1095 2370 instrumenti
1119 2301 1210 2369 testi-

96 2409 204 2477 monio
220 2408 416 2493 redimatur,
442 2408 532 2492 quod
557 2407 707 2476 Illustros
734 2415 768 2476 et
790 2407 960 2496 Magnifici
982 2411 1063 2494 viri,
1090 2409 1214 2478 domini

96 2517 216 2586 Paulus
232 2519 345 2584 Barrus
363 2514 573 2602 Oroatorum,
599 2523 632 2583 et
647 2518 812 2604 Georgius
828 2517 951 2604 irater,
976 2518 1214 2603 Mladeuusquc

95 2623 282 2711 1111111111,
301 2626 471 2694 ciuitatum
487 2621 660 2694 Dalmncie
677 2625 823 2693 (lomites
840 2645 882 2694 ex
900 2646 965 2693 una
983 2633 1088 2712 parte,
1105 2633 1137 2694 et
1152 2647 1213 2695 no·

94 2734 176 2803 biles
197 2732 261 2802 viri
287 2731 409 2801 domiui
435 2731 636 2817 Pongracius
663 2733 703 2800 de
728 2733 848 2819 Vipioo
865 2734 970 2820 miles,
995 2754 1036 2802 ac
1061 2734 1213 2803 Volriens

94 2841 181 2910 filius
197 2841 324 2911 domini
339 2841 490 2928 Hugonis
506 2838 548 2908 de
565 2841 732 2925 Deuouio,
751 2842 852 2909 ceteri
868 2841 977 2928 nuncij
994 2842 1135 2910 Illustris
1151 2841 1213 2910 viri

96 2950 217 3019 domini
241 2948 376 3019 Henrioi
398 2933 536 3017 ¹(inmitis
554 2948 697 3033 Goricie,
724 2948 766 3016 de
793 2949 961 3018 uoluntate
988 2957 1021 3017 et
1044 2969 1210 3020 consensu
1256 3035 1259 3047 ¹

97 3053 299 3128 dominorum
314 3059 492 3128 illustrium
509 3057 638 3126 Alberti
654 3059 778 3144 patris,
801 3064 834 3126 ct
848 3059 976 3126 Alberti
987 3057 1128 3146 junioris
1147 3059 1211 3126 ira-

96 3169 266 3253 11111111,
293 3167 453 3236 Oomitum
478 3168 640 3254 solempni
665 3167 845 3253 scriptione
865 3165 954 3256 (lgy,
982 3167 1212 3256 stipulacione)

96 3281 321 3366 promiserunt,
339 3276 406 3362 qud
422 3277 452 3344 si
469 3277 577 3346 dictus
594 3275 746 3345 domiuus
761 3279 883 3345 Paulus
903 3281 1023 3362 Banus,
1036 3280 1091 3346 vel
1107 3279 1209 3348 domi·
1296 3361 1300 3374 Ι

96 3408 158 3456 111
171 3387 333 3473 Georgius
349 3386 454 3454 irater
469 3385 551 3468 eius,
567 3385 685 3454 Comes
701 3387 883 3469 Dalmacie,
895 3387 949 3454 vel
964 3385 1117 3456 dominus
1131 3387 1213 3456 Mla·

96 3497 352 3580 coruscamen,
378 3492 459 3563 dicti
474 3493 596 3562 domini
611 3495 707 3565 Pauli
730 3494 932 3580 bonifilius,
957 3493 1045 3565 infra
1065 3499 1212 3583 spacium

94 3627 154 3674 sex
169 3622 325 3673 annorum
341 3602 432 3689 prius
448 3601 631 3671 futurorum
645 3600 747 3670 filiam
762 3601 899 3671 habebit
913 3601 1113 3684 legitimam,
1138 3625 1218 3672 enm

96 3717 170 3800 ipsa
184 3710 253 3780 filia
279 3717 313 3778 et
336 3711 404 3780 lilio
431 3711 612 3798 supradicti
629 3711 752 3780 domini
767 3710 900 3780 Henrici
924 3709 1061 3778 Comitis
1081 3713 1212 3783 (loricie

95 3818 269 3908 Raynaldo
285 3822 416 3888 nomine
441 3820 694 3890 matrimonialis
716 3823 834 3906 copula
858 3821 1084 3894 contrahetur„
1099 3823 1166 3889 Aut
1183 3825 1213 3892 si

96 3931 200 4000 dietus
216 3931 336 4000 Cernes
351 3929 512 3998 Heuricus
537 3928 673 3998 habebit
688 3931 790 3998 filiam
804 3931 987 4016 legitimam
1002 3952 1075 4000 cunr
1090 3953 1154 4001 vno
1171 3952 1212 3999 11

96 4037 175 4124 filijs
191 4038 397 4108 dominorum
412 4039 496 4108 Bani
511 4039 627 4125 Pauli,
643 4038 696 4106 vel
713 4039 852 4108 Comitis
871 4040 1005 4126 Georgij
1026 4040 1135 4107 fratris
1152 4041 1212 4124 sui,

95 4153 154 4216 aut
168 4146 314 4216 Mladeui
338 4146 418 4214 dicti
443 4146 567 4216 domini
582 4148 679 4217 Pauli
694 4147 779 4219 Bani
798 4147 857 4234 filij
875 4147 1113 4216 matrimonium
1138 4168 1213 4216 con·
1252 4145 1255 4152 '

96 4255 252 4324 trahetur.
277 4257 422 4339 Proque
446 4257 654 4324 matrimonio
679 4254 881 4325 attendendo
904 4253 1065 4340 sepedicti
1088 4253 1212 4324 domini

95 4365 222 4434 Paulus
238 4369 349 4433 Bauus
365 4365 575 4451 croatorum,
602 4373 635 4433 et
651 4367 813 4452 Georgius
829 4365 945 4434 (lomes
961 4363 1134 4432 Dalmacie
1149 4365 1213 4431 fra-

97 4473 252 4560 tercius,
268 4492 309 4540 ac
324 4473 516 4563 llladeuus,
533 4475 614 4544 dieti
632 4475 752 4544 domiui
770 4474 862 4542 Pauli
878 4471 962 4542 Baui
984 4471 1069 4539 filius
1084 4473 1210 4555 comes,

96 4581 308 4670 prestiterunt
322 4582 416 4650 tactis
433 4583 666 4656 sacrosanctis
681 4581 876 4671 Euangelijs
894 4581 1106 4673 corporaliter
1117 4579 1209 4666 jura·
