<?xml version="1.0" encoding="UTF-8"?>
<!DOCTYPE html PUBLIC "-//W3C//DTD XHTML 1.0 Transitional//EN"
    "http://www.w3.org/TR/xhtml1/DTD/xhtml1-transitional.dtd">
<html xmlns="http://www.w3.org/1999/xhtml" xml:lang="en" lang="en">
 <head>
  <title>
</title>
<meta http-equiv="Content-Type" content="text/html;charset=utf-8" />
  <meta name='ocr-system' content='tesseract 3.04.00' />
  <meta name='ocr-capabilities' content='ocr_page ocr_carea ocr_par ocr_line ocrx_word'/>
</head>
<body>
  <div class='ocr_page' id='page_1' title='image "./codexdiplomatic16wenzgoog_0187.png"; bbox 0 0 3094 5168; ppageno 0'>
   <div class='ocr_carea' id='block_1_1' title="bbox 858 241 1013 348">
    <p class='ocr_par' dir='ltr' id='par_1_1' title="bbox 858 241 1013 348">
     <span class='ocr_line' id='line_1_1' title="bbox 858 241 1013 348; baseline 0 0"><span class='ocrx_word' id='word_1_1' title='bbox 858 241 1013 348; x_wconf 48' lang='lat'><strong>2⁵4⁴:-</strong></span> 
     </span>
    </p>
   </div>
   <div class='ocr_carea' id='block_1_2' title="bbox 370 438 1509 748">
    <p class='ocr_par' dir='ltr' id='par_1_2' title="bbox 370 438 1509 748">
     <span class='ocr_line' id='line_1_2' title="bbox 371 438 1509 528; baseline 0.007 -26"><span class='ocrx_word' id='word_1_2' title='bbox 371 443 543 525; x_wconf 88' lang='lat' dir='ltr'><strong>presentes</strong></span> <span class='ocrx_word' id='word_1_3' title='bbox 558 438 603 506; x_wconf 89' lang='lat' dir='ltr'><strong>sd</strong></span> <span class='ocrx_word' id='word_1_4' title='bbox 617 439 814 508; x_wconf 68' lang='lat' dir='ltr'><strong>instanciam</strong></span> <span class='ocrx_word' id='word_1_5' title='bbox 830 438 977 524; x_wconf 83' lang='lat' dir='ltr'><strong>poroinm</strong></span> <span class='ocrx_word' id='word_1_6' title='bbox 993 441 1214 511; x_wconf 88' lang='lat' dir='ltr'><strong>eeneessimos</strong></span> <span class='ocrx_word' id='word_1_7' title='bbox 1240 443 1373 527; x_wconf 73' lang='lat' dir='ltr'><strong>litteras,</strong></span> <span class='ocrx_word' id='word_1_8' title='bbox 1388 443 1474 528; x_wconf 81' lang='lat' dir='ltr'><strong>sigili</strong></span> <span class='ocrx_word' id='word_1_9' title='bbox 1506 441 1509 452; x_wconf 89' lang='lat'>&#39;</span> 
     </span>
     <span class='ocr_line' id='line_1_3' title="bbox 371 545 1474 641; baseline 0.006 -29"><span class='ocrx_word' id='word_1_10' title='bbox 371 547 473 616; x_wconf 80' lang='lat' dir='ltr'><strong>nostri</strong></span> <span class='ocrx_word' id='word_1_11' title='bbox 488 545 663 616; x_wconf 81' lang='lat' dir='ltr'><strong>munimine</strong></span> <span class='ocrx_word' id='word_1_12' title='bbox 679 547 862 616; x_wconf 86' lang='lat' dir='ltr'><strong>roboratas.</strong></span> <span class='ocrx_word' id='word_1_13' title='bbox 881 549 1003 619; x_wconf 88' lang='lat' dir='ltr'><strong>Datum</strong></span> <span class='ocrx_word' id='word_1_14' title='bbox 1019 549 1136 634; x_wconf 82' lang='lat' dir='ltr'><strong>quinte</strong></span> <span class='ocrx_word' id='word_1_15' title='bbox 1152 551 1235 620; x_wconf 86' lang='lat' dir='ltr'><strong>laria</strong></span> <span class='ocrx_word' id='word_1_16' title='bbox 1251 553 1397 641; x_wconf 79' lang='lat' dir='ltr'><strong>proxima</strong></span> <span class='ocrx_word' id='word_1_17' title='bbox 1411 559 1474 639; x_wconf 89' lang='lat' dir='ltr'><strong>post</strong></span> 
     </span>
     <span class='ocr_line' id='line_1_4' title="bbox 370 651 1427 748; baseline 0.002 -24"><span class='ocrx_word' id='word_1_18' title='bbox 370 651 552 739; x_wconf 79' lang='lat' dir='ltr'><strong>quindenas</strong></span> <span class='ocrx_word' id='word_1_19' title='bbox 568 655 683 744; x_wconf 82' lang='lat' dir='ltr'><strong>Pasoe,</strong></span> <span class='ocrx_word' id='word_1_20' title='bbox 699 679 785 728; x_wconf 87' lang='lat' dir='ltr'><strong>anno</strong></span> <span class='ocrx_word' id='word_1_21' title='bbox 801 659 933 728; x_wconf 88' lang='lat' dir='ltr'><strong>Domini</strong></span> <span class='ocrx_word' id='word_1_22' title='bbox 946 655 995 728; x_wconf 83' lang='lat' dir='ltr'><strong>ll⁰</strong></span> <span class='ocrx_word' id='word_1_23' title='bbox 1012 658 1084 730; x_wconf 78' lang='lat'><strong>00⁰</strong></span> <span class='ocrx_word' id='word_1_24' title='bbox 1098 661 1312 748; x_wconf 72' lang='lat' dir='ltr'><strong>nonogesimo</strong></span> <span class='ocrx_word' id='word_1_25' title='bbox 1328 671 1427 732; x_wconf 85' lang='lat' dir='ltr'><strong>sexte.</strong></span> 
     </span>
    </p>
   </div>
   <div class='ocr_carea' id='block_1_3' title="bbox 439 869 1278 976">
    <p class='ocr_par' dir='ltr' id='par_1_3' title="bbox 439 869 1278 976">
     <span class='ocr_line' id='line_1_5' title="bbox 439 869 1278 976; baseline 0.008 -50"><span class='ocrx_word' id='word_1_26' title='bbox 439 966 443 976; x_wconf 30' lang='grc' dir='ltr'>ι</span> <span class='ocrx_word' id='word_1_27' title='bbox 587 869 722 944; x_wconf 66' lang='lat' dir='ltr'><strong>pennen</strong></span> <span class='ocrx_word' id='word_1_28' title='bbox 734 871 766 932; x_wconf 81' lang='lat' dir='ltr'><strong>ds</strong></span> <span class='ocrx_word' id='word_1_29' title='bbox 778 871 941 932; x_wconf 77' lang='lat' dir='ltr'><strong>Fimhabsr</strong></span> <span class='ocrx_word' id='word_1_30' title='bbox 951 873 991 932; x_wconf 91' lang='lat' dir='ltr'><strong>id.</strong></span> <span class='ocrx_word' id='word_1_31' title='bbox 1005 891 1042 932; x_wconf 90' lang='lat' dir='ltr'><strong>m.</strong></span> <span class='ocrx_word' id='word_1_32' title='bbox 1055 873 1078 932; x_wconf 90' lang='lat'><strong>1.</strong></span> <span class='ocrx_word' id='word_1_33' title='bbox 1097 875 1158 936; x_wconf 80' lang='lat' dir='ltr'><strong>ket</strong></span> <span class='ocrx_word' id='word_1_34' title='bbox 1171 875 1233 934; x_wconf 83' lang='grc'><strong>193.</strong></span> <span class='ocrx_word' id='word_1_35' title='bbox 1245 871 1278 948; x_wconf 87' lang='lat' dir='ltr'><strong>l.)</strong></span> 
     </span>
    </p>
   </div>
   <div class='ocr_carea' id='block_1_4' title="bbox 366 1949 1545 2307">
    <p class='ocr_par' dir='ltr' id='par_1_4' title="bbox 366 1949 1545 2307">
     <span class='ocr_line' id='line_1_6' title="bbox 367 1949 1545 2094; baseline 0 -26"><span class='ocrx_word' id='word_1_36' title='bbox 367 2000 416 2068; x_wconf 68' lang='lat' dir='ltr'><strong>Aa</strong></span> <span class='ocrx_word' id='word_1_37' title='bbox 432 2001 552 2090; x_wconf 71' lang='lat' dir='ltr'><strong>erddlps&#39;</strong></span> <span class='ocrx_word' id='word_1_38' title='bbox 566 2002 724 2090; x_wconf 77' lang='lat' dir='ltr'><strong>lsdptolan</strong></span> <span class='ocrx_word' id='word_1_39' title='bbox 738 2001 1017 2090; x_wconf 74' lang='lat' dir='ltr'><strong>bizeepodplseele,</strong></span> <span class='ocrx_word' id='word_1_40' title='bbox 1044 2003 1124 2092; x_wconf 73' lang='lat' dir='ltr'><strong>kopp</strong></span> <span class='ocrx_word' id='word_1_41' title='bbox 1147 2003 1346 2094; x_wconf 79' lang='lat' dir='ltr'><strong>Hidsplroosi</strong></span> <span class='ocrx_word' id='word_1_42' title='bbox 1361 2003 1473 2090; x_wconf 75' lang='lat' dir='ltr'><strong>dssddlp</strong></span> <span class='ocrx_word' id='word_1_43' title='bbox 1544 1949 1545 1952; x_wconf 7' lang='grc' dir='ltr'><strong>Ἴ</strong></span> 
     </span>
     <span class='ocr_line' id='line_1_7' title="bbox 366 2102 1474 2198; baseline 0.001 -23"><span class='ocrx_word' id='word_1_44' title='bbox 366 2133 388 2175; x_wconf 85' lang='grc' dir='ltr'><em>α</em></span> <span class='ocrx_word' id='word_1_45' title='bbox 403 2108 554 2176; x_wconf 72' lang='lat' dir='ltr'><strong>teotoloni</strong></span> <span class='ocrx_word' id='word_1_46' title='bbox 580 2111 773 2176; x_wconf 74' lang='lat' dir='ltr'><strong>laleselnnk</strong></span> <span class='ocrx_word' id='word_1_47' title='bbox 788 2115 848 2176; x_wconf 79' lang='lat' dir='ltr'><strong>ode·</strong></span> <span class='ocrx_word' id='word_1_48' title='bbox 863 2113 1009 2197; x_wconf 66' lang='lat' dir='ltr'><strong>spernere</strong></span> <span class='ocrx_word' id='word_1_49' title='bbox 1034 2107 1191 2175; x_wconf 68' lang='lat' dir='ltr'><strong>aldelmus</strong></span> <span class='ocrx_word' id='word_1_50' title='bbox 1210 2111 1317 2198; x_wconf 78' lang='lat' dir='ltr'><strong>Irepyet</strong></span> <span class='ocrx_word' id='word_1_51' title='bbox 1334 2102 1474 2176; x_wconf 53' lang='lat' dir='ltr'><strong>dannot</strong></span> 
     </span>
     <span class='ocr_line' id='line_1_8' title="bbox 555 2217 1296 2307; baseline 0.004 -23"><span class='ocrx_word' id='word_1_52' title='bbox 555 2219 850 2307; x_wconf 73' lang='lat' dir='ltr'><strong>azomsaddsdpdham</strong></span> <span class='ocrx_word' id='word_1_53' title='bbox 866 2221 934 2286; x_wconf 70' lang='lat' dir='ltr'><strong>leod</strong></span> <span class='ocrx_word' id='word_1_54' title='bbox 950 2219 1037 2286; x_wconf 81' lang='lat' dir='ltr'><strong>srddt</strong></span> <span class='ocrx_word' id='word_1_55' title='bbox 1053 2217 1181 2286; x_wconf 83' lang='lat' dir='ltr'><strong>elndett.</strong></span> <span class='ocrx_word' id='word_1_56' title='bbox 1198 2221 1296 2288; x_wconf 84' lang='lat'><strong><em>1296.</em></strong></span> 
     </span>
    </p>
   </div>
   <div class='ocr_carea' id='block_1_5' title="bbox 356 2437 1478 4701">
    <p class='ocr_par' dir='ltr' id='par_1_5' title="bbox 356 2437 1478 4701">
     <span class='ocr_line' id='line_1_9' title="bbox 472 2437 1474 2530; baseline -0.003 -22"><span class='ocrx_word' id='word_1_57' title='bbox 472 2438 662 2526; x_wconf 80' lang='lat' dir='ltr'><strong>Oapitnlnm</strong></span> <span class='ocrx_word' id='word_1_58' title='bbox 677 2438 829 2508; x_wconf 82' lang='lat' dir='ltr'><strong>Eeolesie</strong></span> <span class='ocrx_word' id='word_1_59' title='bbox 839 2437 934 2507; x_wconf 86' lang='lat' dir='ltr'><strong>Beati</strong></span> <span class='ocrx_word' id='word_1_60' title='bbox 949 2439 1134 2530; x_wconf 86' lang='lat' dir='ltr'><strong>llyohaelis</strong></span> <span class='ocrx_word' id='word_1_61' title='bbox 1149 2439 1350 2526; x_wconf 75' lang='lat' dir='ltr'><strong>Archangeli</strong></span> <span class='ocrx_word' id='word_1_62' title='bbox 1365 2441 1474 2508; x_wconf 80' lang='lat' dir='ltr'><strong>Tram-</strong></span> 
     </span>
     <span class='ocr_line' id='line_1_10' title="bbox 366 2545 1474 2636; baseline -0.001 -21"><span class='ocrx_word' id='word_1_63' title='bbox 366 2545 506 2615; x_wconf 86' lang='lat' dir='ltr'><strong>silsanie</strong></span> <span class='ocrx_word' id='word_1_64' title='bbox 521 2548 672 2615; x_wconf 90' lang='lat' dir='ltr'><strong>omnibns</strong></span> <span class='ocrx_word' id='word_1_65' title='bbox 689 2545 810 2616; x_wconf 79' lang='lat' dir='ltr'><strong>Christi</strong></span> <span class='ocrx_word' id='word_1_66' title='bbox 829 2546 983 2616; x_wconf 88' lang='lat' dir='ltr'><strong>lidelibus</strong></span> <span class='ocrx_word' id='word_1_67' title='bbox 999 2553 1186 2636; x_wconf 80' lang='lat' dir='ltr'><strong>presentem</strong></span> <span class='ocrx_word' id='word_1_68' title='bbox 1201 2548 1360 2636; x_wconf 79' lang='lat' dir='ltr'><strong>paginam</strong></span> <span class='ocrx_word' id='word_1_69' title='bbox 1375 2547 1474 2634; x_wconf 88' lang='lat' dir='ltr'><strong>inspe-</strong></span> 
     </span>
     <span class='ocr_line' id='line_1_11' title="bbox 364 2653 1474 2740; baseline -0.002 -20"><span class='ocrx_word' id='word_1_70' title='bbox 364 2653 463 2721; x_wconf 89' lang='lat' dir='ltr'><strong>etnris</strong></span> <span class='ocrx_word' id='word_1_71' title='bbox 481 2655 620 2722; x_wconf 89' lang='lat' dir='ltr'><strong>salntem</strong></span> <span class='ocrx_word' id='word_1_72' title='bbox 637 2655 673 2722; x_wconf 92' lang='lat' dir='ltr'><strong>in</strong></span> <span class='ocrx_word' id='word_1_73' title='bbox 689 2655 833 2724; x_wconf 89' lang='lat' dir='ltr'><strong>omnium</strong></span> <span class='ocrx_word' id='word_1_74' title='bbox 849 2655 1025 2724; x_wconf 71' lang='lat' dir='ltr'><strong>salvatore.</strong></span> <span class='ocrx_word' id='word_1_75' title='bbox 1045 2653 1208 2734; x_wconf 82' lang='lat' dir='ltr'><strong>Quoniam</strong></span> <span class='ocrx_word' id='word_1_76' title='bbox 1225 2672 1267 2722; x_wconf 86' lang='lat' dir='ltr'><strong>es</strong></span> <span class='ocrx_word' id='word_1_77' title='bbox 1279 2674 1341 2740; x_wconf 86' lang='lat' dir='ltr'><strong>que</strong></span> <span class='ocrx_word' id='word_1_78' title='bbox 1357 2656 1391 2720; x_wconf 94' lang='lat' dir='ltr'><strong>in</strong></span> <span class='ocrx_word' id='word_1_79' title='bbox 1405 2661 1474 2722; x_wconf 88' lang='lat' dir='ltr'><strong>tem·</strong></span> 
     </span>
     <span class='ocr_line' id='line_1_12' title="bbox 362 2763 1473 2853; baseline 0 -25"><span class='ocrx_word' id='word_1_80' title='bbox 362 2781 443 2847; x_wconf 89' lang='lat' dir='ltr'><strong>pore</strong></span> <span class='ocrx_word' id='word_1_81' title='bbox 458 2769 599 2847; x_wconf 76' lang='lat' dir='ltr'><strong>eguntm</strong></span> <span class='ocrx_word' id='word_1_82' title='bbox 614 2784 656 2832; x_wconf 87' lang='lat' dir='ltr'><strong>ne</strong></span> <span class='ocrx_word' id='word_1_83' title='bbox 673 2784 744 2832; x_wconf 87' lang='lat' dir='ltr'><strong>enm</strong></span> <span class='ocrx_word' id='word_1_84' title='bbox 761 2769 905 2850; x_wconf 90' lang='lat' dir='ltr'><strong>tempere</strong></span> <span class='ocrx_word' id='word_1_85' title='bbox 922 2764 1103 2850; x_wconf 81' lang='lat' dir='ltr'><strong>elebantur,</strong></span> <span class='ocrx_word' id='word_1_86' title='bbox 1130 2765 1204 2853; x_wconf 85' lang='lat' dir='ltr'><strong>ipso</strong></span> <span class='ocrx_word' id='word_1_87' title='bbox 1220 2770 1298 2832; x_wconf 86' lang='lat' dir='ltr'><strong>aeta</strong></span> <span class='ocrx_word' id='word_1_88' title='bbox 1312 2763 1358 2832; x_wconf 87' lang='lat' dir='ltr'><strong>ad</strong></span> <span class='ocrx_word' id='word_1_89' title='bbox 1374 2771 1473 2831; x_wconf 88' lang='lat' dir='ltr'><strong>eante·</strong></span> 
     </span>
     <span class='ocr_line' id='line_1_13' title="bbox 363 2871 1475 2960; baseline 0.001 -22"><span class='ocrx_word' id='word_1_90' title='bbox 363 2871 440 2957; x_wconf 89' lang='lat' dir='ltr'><strong>lam,</strong></span> <span class='ocrx_word' id='word_1_91' title='bbox 456 2878 488 2940; x_wconf 93' lang='lat' dir='ltr'><strong>et</strong></span> <span class='ocrx_word' id='word_1_92' title='bbox 499 2879 536 2941; x_wconf 90' lang='lat' dir='ltr'><strong>ut</strong></span> <span class='ocrx_word' id='word_1_93' title='bbox 545 2873 668 2941; x_wconf 81' lang='lat' dir='ltr'><strong>firmins</strong></span> <span class='ocrx_word' id='word_1_94' title='bbox 678 2879 766 2942; x_wconf 87' lang='lat' dir='ltr'><strong>stent</strong></span> <span class='ocrx_word' id='word_1_95' title='bbox 777 2879 810 2940; x_wconf 92' lang='lat' dir='ltr'><strong>et</strong></span> <span class='ocrx_word' id='word_1_96' title='bbox 819 2872 1006 2960; x_wconf 87' lang='lat' dir='ltr'><strong>perdurent,</strong></span> <span class='ocrx_word' id='word_1_97' title='bbox 1025 2873 1207 2960; x_wconf 85' lang='lat' dir='ltr'><strong>pstroeinio</strong></span> <span class='ocrx_word' id='word_1_98' title='bbox 1217 2873 1398 2942; x_wconf 89' lang='lat' dir='ltr'><strong>litterarum</strong></span> <span class='ocrx_word' id='word_1_99' title='bbox 1408 2890 1475 2940; x_wconf 85' lang='lat' dir='ltr'><strong>een·</strong></span> 
     </span>
     <span class='ocr_line' id='line_1_14' title="bbox 362 2979 1477 3066; baseline -0.005 -15"><span class='ocrx_word' id='word_1_100' title='bbox 362 2985 539 3051; x_wconf 82' lang='lat' dir='ltr'><strong>assuerunt</strong></span> <span class='ocrx_word' id='word_1_101' title='bbox 555 2979 712 3048; x_wconf 87' lang='lat' dir='ltr'><strong>reborari.</strong></span> <span class='ocrx_word' id='word_1_102' title='bbox 723 2979 863 3048; x_wconf 90' lang='lat' dir='ltr'><strong>Proinde</strong></span> <span class='ocrx_word' id='word_1_103' title='bbox 880 2979 1107 3048; x_wconf 85' lang='lat' dir='ltr'><strong>universorum</strong></span> <span class='ocrx_word' id='word_1_104' title='bbox 1124 2979 1259 3062; x_wconf 88' lang='lat' dir='ltr'><strong>netioie,</strong></span> <span class='ocrx_word' id='word_1_105' title='bbox 1274 2985 1342 3048; x_wconf 88' lang='lat' dir='ltr'><strong>tam</strong></span> <span class='ocrx_word' id='word_1_106' title='bbox 1358 2999 1477 3066; x_wconf 91' lang='lat' dir='ltr'><strong>presen-</strong></span> 
     </span>
     <span class='ocr_line' id='line_1_15' title="bbox 363 3087 1477 3186; baseline 0 -30"><span class='ocrx_word' id='word_1_107' title='bbox 363 3089 449 3158; x_wconf 89' lang='lat' dir='ltr'><strong>eium</strong></span> <span class='ocrx_word' id='word_1_108' title='bbox 465 3109 562 3176; x_wconf 85' lang='lat' dir='ltr'><strong>qnam</strong></span> <span class='ocrx_word' id='word_1_109' title='bbox 579 3089 770 3174; x_wconf 84' lang='lat' dir='ltr'><strong>interorum,</strong></span> <span class='ocrx_word' id='word_1_110' title='bbox 788 3089 903 3159; x_wconf 86' lang='lat' dir='ltr'><strong>harum</strong></span> <span class='ocrx_word' id='word_1_111' title='bbox 919 3087 1005 3186; x_wconf 81' lang='lat' dir='ltr'><strong>serie</strong></span> <span class='ocrx_word' id='word_1_112' title='bbox 1023 3089 1246 3174; x_wconf 72' lang='lat' dir='ltr'><strong>dederamus,</strong></span> <span class='ocrx_word' id='word_1_113' title='bbox 1263 3087 1350 3172; x_wconf 91' lang='lat' dir='ltr'><strong>qnod</strong></span> <span class='ocrx_word' id='word_1_114' title='bbox 1366 3089 1477 3156; x_wconf 90' lang='lat' dir='ltr'><strong>nobilis</strong></span> 
     </span>
     <span class='ocr_line' id='line_1_16' title="bbox 363 3195 1477 3286; baseline -0.004 -20"><span class='ocrx_word' id='word_1_115' title='bbox 363 3197 492 3270; x_wconf 88' lang='lat' dir='ltr'><strong>iuvenis</strong></span> <span class='ocrx_word' id='word_1_116' title='bbox 517 3197 671 3286; x_wconf 84' lang='lat' dir='ltr'><strong>llyeheel</strong></span> <span class='ocrx_word' id='word_1_117' title='bbox 697 3197 783 3265; x_wconf 85' lang='lat' dir='ltr'><strong>filins</strong></span> <span class='ocrx_word' id='word_1_118' title='bbox 799 3197 937 3267; x_wconf 75' lang='lat' dir='ltr'><strong>Comitis</strong></span> <span class='ocrx_word' id='word_1_119' title='bbox 952 3195 1077 3265; x_wconf 83' lang='lat' dir='ltr'><strong>Theme</strong></span> <span class='ocrx_word' id='word_1_120' title='bbox 1092 3197 1135 3264; x_wconf 90' lang='lat' dir='ltr'><strong>de</strong></span> <span class='ocrx_word' id='word_1_121' title='bbox 1153 3196 1360 3286; x_wconf 84' lang='lat' dir='ltr'><strong>Hydeghevs</strong></span> <span class='ocrx_word' id='word_1_122' title='bbox 1375 3217 1431 3282; x_wconf 90' lang='lat' dir='ltr'><strong>pre</strong></span> <span class='ocrx_word' id='word_1_123' title='bbox 1446 3214 1477 3262; x_wconf 88' lang='lat' dir='ltr'><strong>se</strong></span> 
     </span>
     <span class='ocr_line' id='line_1_17' title="bbox 363 3300 1477 3394; baseline -0.004 -20"><span class='ocrx_word' id='word_1_124' title='bbox 363 3313 396 3374; x_wconf 91' lang='lat' dir='ltr'><strong>et</strong></span> <span class='ocrx_word' id='word_1_125' title='bbox 419 3328 479 3394; x_wconf 92' lang='lat' dir='ltr'><strong>pro</strong></span> <span class='ocrx_word' id='word_1_126' title='bbox 506 3307 646 3376; x_wconf 83' lang='lat' dir='ltr'><strong>Nieolao</strong></span> <span class='ocrx_word' id='word_1_127' title='bbox 663 3305 765 3374; x_wconf 84' lang='lat' dir='ltr'><strong>fratre</strong></span> <span class='ocrx_word' id='word_1_128' title='bbox 780 3323 839 3372; x_wconf 86' lang='lat' dir='ltr'><strong>suo</strong></span> <span class='ocrx_word' id='word_1_129' title='bbox 864 3300 1001 3392; x_wconf 81' lang='lat' dir='ltr'><strong>earnali,</strong></span> <span class='ocrx_word' id='word_1_130' title='bbox 1019 3326 1129 3374; x_wconf 87' lang='lat' dir='ltr'><strong>eoram</strong></span> <span class='ocrx_word' id='word_1_131' title='bbox 1146 3306 1241 3374; x_wconf 91' lang='lat' dir='ltr'><strong>nobis</strong></span> <span class='ocrx_word' id='word_1_132' title='bbox 1267 3306 1477 3391; x_wconf 76' lang='lat' dir='ltr'><strong>personaliter</strong></span> 
     </span>
     <span class='ocr_line' id='line_1_18' title="bbox 362 3415 1477 3502; baseline -0.007 -14"><span class='ocrx_word' id='word_1_133' title='bbox 362 3415 578 3498; x_wconf 85' lang='lat' dir='ltr'><strong>eonstitntna,</strong></span> <span class='ocrx_word' id='word_1_134' title='bbox 607 3415 779 3485; x_wconf 85' lang='lat' dir='ltr'><strong>eonfessns</strong></span> <span class='ocrx_word' id='word_1_135' title='bbox 805 3419 857 3483; x_wconf 90' lang='lat' dir='ltr'><strong>est</strong></span> <span class='ocrx_word' id='word_1_136' title='bbox 872 3435 972 3482; x_wconf 84' lang='lat' dir='ltr'><strong>snum</strong></span> <span class='ocrx_word' id='word_1_137' title='bbox 987 3421 1130 3484; x_wconf 90' lang='lat' dir='ltr'><strong>montem</strong></span> <span class='ocrx_word' id='word_1_138' title='bbox 1156 3415 1323 3482; x_wconf 87' lang='lat' dir='ltr'><strong>valentem</strong></span> <span class='ocrx_word' id='word_1_139' title='bbox 1348 3436 1406 3502; x_wconf 88' lang='lat' dir='ltr'><strong>pre</strong></span> <span class='ocrx_word' id='word_1_140' title='bbox 1422 3433 1477 3500; x_wconf 89' lang='lat' dir='ltr'><strong>epe</strong></span> 
     </span>
     <span class='ocr_line' id='line_1_19' title="bbox 364 3520 1478 3613; baseline -0.003 -19"><span class='ocrx_word' id='word_1_141' title='bbox 364 3525 478 3611; x_wconf 88' lang='lat' dir='ltr'><strong>eastri,</strong></span> <span class='ocrx_word' id='word_1_142' title='bbox 494 3545 565 3596; x_wconf 89' lang='lat' dir='ltr'><strong>enm</strong></span> <span class='ocrx_word' id='word_1_143' title='bbox 577 3525 720 3612; x_wconf 81' lang='lat' dir='ltr'><strong>quadem</strong></span> <span class='ocrx_word' id='word_1_144' title='bbox 731 3520 862 3593; x_wconf 85' lang='lat' dir='ltr'><strong>modiee</strong></span> <span class='ocrx_word' id='word_1_145' title='bbox 878 3523 1040 3612; x_wconf 85' lang='lat' dir='ltr'><strong>partionis</strong></span> <span class='ocrx_word' id='word_1_146' title='bbox 1055 3531 1143 3593; x_wconf 86' lang='lat' dir='ltr'><strong>terre</strong></span> <span class='ocrx_word' id='word_1_147' title='bbox 1157 3531 1190 3592; x_wconf 89' lang='lat' dir='ltr'><strong>et</strong></span> <span class='ocrx_word' id='word_1_148' title='bbox 1206 3523 1301 3592; x_wconf 83' lang='lat' dir='ltr'><strong>silwa</strong></span> <span class='ocrx_word' id='word_1_149' title='bbox 1317 3524 1362 3593; x_wconf 83' lang='lat' dir='ltr'><strong>sd</strong></span> <span class='ocrx_word' id='word_1_150' title='bbox 1378 3525 1478 3613; x_wconf 88' lang='lat' dir='ltr'><strong>ipsum</strong></span> 
     </span>
     <span class='ocr_line' id='line_1_20' title="bbox 361 3632 1476 3720; baseline -0.007 -18"><span class='ocrx_word' id='word_1_151' title='bbox 361 3641 505 3704; x_wconf 90' lang='lat' dir='ltr'><strong>montem</strong></span> <span class='ocrx_word' id='word_1_152' title='bbox 530 3634 711 3704; x_wconf 82' lang='lat' dir='ltr'><strong>immediate</strong></span> <span class='ocrx_word' id='word_1_153' title='bbox 735 3632 934 3720; x_wconf 82' lang='lat' dir='ltr'><strong>pertinenti,</strong></span> <span class='ocrx_word' id='word_1_154' title='bbox 960 3632 1002 3699; x_wconf 93' lang='lat' dir='ltr'><strong>de</strong></span> <span class='ocrx_word' id='word_1_155' title='bbox 1027 3633 1169 3718; x_wconf 85' lang='lat' dir='ltr'><strong>quadarn</strong></span> <span class='ocrx_word' id='word_1_156' title='bbox 1194 3632 1404 3720; x_wconf 87' lang='lat' dir='ltr'><strong>possessione</strong></span> <span class='ocrx_word' id='word_1_157' title='bbox 1422 3648 1476 3702; x_wconf 88' lang='lat' dir='ltr'><strong>ana</strong></span> 
     </span>
     <span class='ocr_line' id='line_1_21' title="bbox 362 3739 1478 3830; baseline -0.005 -20"><span class='ocrx_word' id='word_1_158' title='bbox 362 3743 458 3814; x_wconf 85' lang='lat' dir='ltr'><strong>Bulla</strong></span> <span class='ocrx_word' id='word_1_159' title='bbox 482 3749 621 3829; x_wconf 83' lang='lat' dir='ltr'><strong>veeste,</strong></span> <span class='ocrx_word' id='word_1_160' title='bbox 645 3741 759 3828; x_wconf 86' lang='lat' dir='ltr'><strong>metis,</strong></span> <span class='ocrx_word' id='word_1_161' title='bbox 776 3743 806 3812; x_wconf 88' lang='lat' dir='ltr'><strong>ei</strong></span> <span class='ocrx_word' id='word_1_162' title='bbox 822 3741 930 3828; x_wconf 79' lang='lat' dir='ltr'><strong>signis</strong></span> <span class='ocrx_word' id='word_1_163' title='bbox 946 3747 1137 3830; x_wconf 78' lang='lat' dir='ltr'><strong>separatum</strong></span> <span class='ocrx_word' id='word_1_164' title='bbox 1163 3747 1197 3808; x_wconf 93' lang='lat' dir='ltr'><strong>et</strong></span> <span class='ocrx_word' id='word_1_165' title='bbox 1215 3739 1417 3818; x_wconf 84' lang='lat' dir='ltr'><strong>distinetum,</strong></span> <span class='ocrx_word' id='word_1_166' title='bbox 1442 3757 1478 3806; x_wconf 83' lang='lat' dir='ltr'><strong>ex</strong></span> 
     </span>
     <span class='ocr_line' id='line_1_22' title="bbox 360 3849 1478 3940; baseline -0.007 -20"><span class='ocrx_word' id='word_1_167' title='bbox 360 3853 449 3920; x_wconf 86' lang='lat' dir='ltr'><strong>bene</strong></span> <span class='ocrx_word' id='word_1_168' title='bbox 464 3850 633 3922; x_wconf 76' lang='lat' dir='ltr'><strong>voluntate</strong></span> <span class='ocrx_word' id='word_1_169' title='bbox 649 3850 762 3920; x_wconf 74' lang='lat' dir='ltr'><strong>fratris</strong></span> <span class='ocrx_word' id='word_1_170' title='bbox 777 3851 829 3920; x_wconf 91' lang='lat' dir='ltr'><strong>sni</strong></span> <span class='ocrx_word' id='word_1_171' title='bbox 845 3849 1001 3940; x_wconf 77' lang='lat' dir='ltr'><strong>prelibati</strong></span> <span class='ocrx_word' id='word_1_172' title='bbox 1016 3871 1058 3918; x_wconf 83' lang='lat' dir='ltr'><strong>ae</strong></span> <span class='ocrx_word' id='word_1_173' title='bbox 1073 3850 1213 3919; x_wconf 85' lang='lat' dir='ltr'><strong>alierum</strong></span> <span class='ocrx_word' id='word_1_174' title='bbox 1226 3855 1440 3938; x_wconf 77' lang='lat' dir='ltr'><strong>eognatornm</strong></span> <span class='ocrx_word' id='word_1_175' title='bbox 1449 3853 1478 3913; x_wconf 93' lang='lat' dir='ltr'><strong>et</strong></span> 
     </span>
     <span class='ocr_line' id='line_1_23' title="bbox 359 3957 1477 4050; baseline -0.001 -24"><span class='ocrx_word' id='word_1_176' title='bbox 359 3959 616 4050; x_wconf 86' lang='lat' dir='ltr'><strong>propinquorum</strong></span> <span class='ocrx_word' id='word_1_177' title='bbox 632 3979 764 4028; x_wconf 89' lang='lat' dir='ltr'><strong>snorum</strong></span> <span class='ocrx_word' id='word_1_178' title='bbox 780 3959 1004 4048; x_wconf 87' lang='lat' dir='ltr'><strong>permissione,</strong></span> <span class='ocrx_word' id='word_1_179' title='bbox 1022 3979 1082 4046; x_wconf 90' lang='lat' dir='ltr'><strong>pro</strong></span> <span class='ocrx_word' id='word_1_180' title='bbox 1097 3959 1214 4046; x_wconf 83' lang='lat' dir='ltr'><strong>viginti</strong></span> <span class='ocrx_word' id='word_1_181' title='bbox 1223 3957 1346 4028; x_wconf 85' lang='lat' dir='ltr'><strong>mareis</strong></span> <span class='ocrx_word' id='word_1_182' title='bbox 1360 3957 1418 4026; x_wconf 88' lang='lat' dir='ltr'><strong>fini</strong></span> <span class='ocrx_word' id='word_1_183' title='bbox 1432 3977 1477 4025; x_wconf 88' lang='lat' dir='ltr'><strong>ar·</strong></span> 
     </span>
     <span class='ocr_line' id='line_1_24' title="bbox 360 4063 1477 4156; baseline -0.003 -21"><span class='ocrx_word' id='word_1_184' title='bbox 360 4065 461 4156; x_wconf 82' lang='lat' dir='ltr'><strong>genti,</strong></span> <span class='ocrx_word' id='word_1_185' title='bbox 476 4068 606 4156; x_wconf 84' lang='lat' dir='ltr'><strong>populis</strong></span> <span class='ocrx_word' id='word_1_186' title='bbox 622 4069 664 4138; x_wconf 93' lang='lat' dir='ltr'><strong>de</strong></span> <span class='ocrx_word' id='word_1_187' title='bbox 678 4067 760 4136; x_wconf 82' lang='lat' dir='ltr'><strong>villa</strong></span> <span class='ocrx_word' id='word_1_188' title='bbox 775 4066 946 4154; x_wconf 89' lang='lat' dir='ltr'><strong>Heoholm,</strong></span> <span class='ocrx_word' id='word_1_189' title='bbox 962 4087 1022 4155; x_wconf 89' lang='lat' dir='ltr'><strong>pro</strong></span> <span class='ocrx_word' id='word_1_190' title='bbox 1039 4065 1156 4152; x_wconf 86' lang='lat' dir='ltr'><strong>quibus</strong></span> <span class='ocrx_word' id='word_1_191' title='bbox 1173 4073 1207 4134; x_wconf 90' lang='lat' dir='ltr'><strong>et</strong></span> <span class='ocrx_word' id='word_1_192' title='bbox 1223 4086 1264 4136; x_wconf 86' lang='lat' dir='ltr'><strong>ex</strong></span> <span class='ocrx_word' id='word_1_193' title='bbox 1281 4065 1399 4152; x_wconf 85' lang='lat' dir='ltr'><strong>quibos</strong></span> <span class='ocrx_word' id='word_1_194' title='bbox 1416 4063 1477 4132; x_wconf 82' lang='lat' dir='ltr'><strong>An-</strong></span> 
     </span>
     <span class='ocr_line' id='line_1_25' title="bbox 357 4171 1477 4266; baseline -0.004 -22"><span class='ocrx_word' id='word_1_195' title='bbox 357 4175 455 4246; x_wconf 88' lang='lat' dir='ltr'><strong>dreas</strong></span> <span class='ocrx_word' id='word_1_196' title='bbox 472 4174 559 4248; x_wconf 87' lang='lat' dir='ltr'><strong>lilius</strong></span> <span class='ocrx_word' id='word_1_197' title='bbox 575 4178 737 4248; x_wconf 77' lang='lat' dir='ltr'><strong>Hermoni</strong></span> <span class='ocrx_word' id='word_1_198' title='bbox 762 4177 803 4245; x_wconf 88' lang='lat' dir='ltr'><strong>de</strong></span> <span class='ocrx_word' id='word_1_199' title='bbox 818 4177 894 4266; x_wconf 87' lang='lat' dir='ltr'><strong>ipsa</strong></span> <span class='ocrx_word' id='word_1_200' title='bbox 909 4175 990 4246; x_wconf 87' lang='lat' dir='ltr'><strong>ville</strong></span> <span class='ocrx_word' id='word_1_201' title='bbox 1007 4173 1200 4265; x_wconf 86' lang='lat' dir='ltr'><strong>eompsruit,</strong></span> <span class='ocrx_word' id='word_1_202' title='bbox 1218 4171 1430 4259; x_wconf 85' lang='lat' dir='ltr'><strong>vendidisse,</strong></span> <span class='ocrx_word' id='word_1_203' title='bbox 1447 4179 1477 4240; x_wconf 90' lang='lat' dir='ltr'><strong>et</strong></span> 
     </span>
     <span class='ocr_line' id='line_1_26' title="bbox 356 4281 1478 4379; baseline -0.006 -23"><span class='ocrx_word' id='word_1_204' title='bbox 356 4284 464 4379; x_wconf 85' lang='lat' dir='ltr'><strong>ipsam</strong></span> <span class='ocrx_word' id='word_1_205' title='bbox 488 4285 663 4374; x_wconf 84' lang='lat' dir='ltr'><strong>peenniam</strong></span> <span class='ocrx_word' id='word_1_206' title='bbox 691 4285 777 4354; x_wconf 88' lang='lat' dir='ltr'><strong>idem</strong></span> <span class='ocrx_word' id='word_1_207' title='bbox 803 4285 958 4377; x_wconf 81' lang='lat' dir='ltr'><strong>llyehsel</strong></span> <span class='ocrx_word' id='word_1_208' title='bbox 982 4285 1130 4372; x_wconf 88' lang='lat' dir='ltr'><strong>plenarie</strong></span> <span class='ocrx_word' id='word_1_209' title='bbox 1149 4283 1316 4372; x_wconf 75' lang='lat' dir='ltr'><strong>recepisse</strong></span> <span class='ocrx_word' id='word_1_210' title='bbox 1341 4282 1424 4352; x_wconf 87' lang='lat' dir='ltr'><strong>dixit</strong></span> <span class='ocrx_word' id='word_1_211' title='bbox 1439 4281 1478 4351; x_wconf 86' lang='lat' dir='ltr'><strong>ab</strong></span> 
     </span>
     <span class='ocr_line' id='line_1_27' title="bbox 358 4391 1476 4484; baseline -0.004 -20"><span class='ocrx_word' id='word_1_212' title='bbox 358 4393 493 4480; x_wconf 82' lang='lat' dir='ltr'><strong>eisdem,</strong></span> <span class='ocrx_word' id='word_1_213' title='bbox 510 4394 692 4482; x_wconf 79' lang='lat' dir='ltr'><strong>obligando</strong></span> <span class='ocrx_word' id='word_1_214' title='bbox 704 4415 741 4462; x_wconf 91' lang='lat' dir='ltr'><strong>se</strong></span> <span class='ocrx_word' id='word_1_215' title='bbox 751 4392 858 4466; x_wconf 89' lang='lat' dir='ltr'><strong>dietus</strong></span> <span class='ocrx_word' id='word_1_216' title='bbox 869 4391 1033 4484; x_wconf 78' lang='lat' dir='ltr'><strong>lipelrael,</strong></span> <span class='ocrx_word' id='word_1_217' title='bbox 1045 4401 1081 4462; x_wconf 86' lang='lat' dir='ltr'><strong>vt</strong></span> <span class='ocrx_word' id='word_1_218' title='bbox 1093 4395 1123 4464; x_wconf 90' lang='lat' dir='ltr'><strong>si</strong></span> <span class='ocrx_word' id='word_1_219' title='bbox 1138 4413 1294 4484; x_wconf 86' lang='lat' dir='ltr'><strong>proeessn</strong></span> <span class='ocrx_word' id='word_1_220' title='bbox 1309 4393 1476 4484; x_wconf 87' lang='lat' dir='ltr'><strong>temporis,</strong></span> 
     </span>
     <span class='ocr_line' id='line_1_28' title="bbox 357 4499 1470 4591; baseline -0.007 -18"><span class='ocrx_word' id='word_1_221' title='bbox 357 4499 494 4591; x_wconf 80' lang='lat' dir='ltr'><strong>prodisti</strong></span> <span class='ocrx_word' id='word_1_222' title='bbox 517 4505 627 4590; x_wconf 89' lang='lat' dir='ltr'><strong>populi</strong></span> <span class='ocrx_word' id='word_1_223' title='bbox 653 4503 696 4572; x_wconf 93' lang='lat' dir='ltr'><strong>de</strong></span> <span class='ocrx_word' id='word_1_224' title='bbox 719 4503 901 4590; x_wconf 87' lang='lat' dir='ltr'><strong>Heoholm,</strong></span> <span class='ocrx_word' id='word_1_225' title='bbox 920 4503 1051 4572; x_wconf 81' lang='lat' dir='ltr'><strong>rseiene</strong></span> <span class='ocrx_word' id='word_1_226' title='bbox 1078 4502 1158 4572; x_wconf 90' lang='lat' dir='ltr'><strong>dieti</strong></span> <span class='ocrx_word' id='word_1_227' title='bbox 1184 4502 1303 4570; x_wconf 91' lang='lat' dir='ltr'><strong>mentis</strong></span> <span class='ocrx_word' id='word_1_228' title='bbox 1329 4502 1384 4570; x_wconf 82' lang='lat' dir='ltr'><strong>sel</strong></span> <span class='ocrx_word' id='word_1_229' title='bbox 1399 4500 1470 4568; x_wconf 86' lang='lat' dir='ltr'><strong>atti·</strong></span> 
     </span>
     <span class='ocr_line' id='line_1_29' title="bbox 358 4607 1476 4701; baseline -0.005 -22"><span class='ocrx_word' id='word_1_230' title='bbox 358 4607 506 4686; x_wconf 78' lang='lat' dir='ltr'><strong>nennium</strong></span> <span class='ocrx_word' id='word_1_231' title='bbox 521 4631 650 4682; x_wconf 87' lang='lat' dir='ltr'><strong>snorum</strong></span> <span class='ocrx_word' id='word_1_232' title='bbox 660 4610 889 4698; x_wconf 85' lang='lat' dir='ltr'><strong>prodieternm,</strong></span> <span class='ocrx_word' id='word_1_233' title='bbox 906 4631 964 4697; x_wconf 88' lang='lat' dir='ltr'><strong>per</strong></span> <span class='ocrx_word' id='word_1_234' title='bbox 980 4611 1175 4701; x_wconf 86' lang='lat' dir='ltr'><strong>quempiam</strong></span> <span class='ocrx_word' id='word_1_235' title='bbox 1189 4613 1408 4697; x_wconf 80' lang='lat' dir='ltr'><strong>impeterentur</strong></span> <span class='ocrx_word' id='word_1_236' title='bbox 1425 4608 1476 4676; x_wconf 86' lang='lat' dir='ltr'><strong>sel</strong></span> 
     </span>
    </p>
   </div>
   <div class='ocr_carea' id='block_1_6' title="bbox 0 0 1552 5168">
    <p class='ocr_par' dir='ltr' id='par_1_6' title="bbox 0 0 1552 5168">
     <span class='ocr_line' id='line_1_30' title="bbox 0 0 1552 5168; baseline 0 3"><span class='ocrx_word' id='word_1_237' title='bbox 0 0 1552 5168; x_wconf 95' lang='lat' dir='ltr'><strong> </strong></span> 
     </span>
    </p>
   </div>
  </div>
 </body>
</html>
