3144 5180
394 1191 457 1254 III.
483 1189 590 1256 Endre
606 1190 713 1277 cisely
738 1191 910 1276 neeges-initi
927 1191 972 1254 II.
991 1189 1158 1253 Endrc'nek
1178 1187 1314 1252 1226-ki
1329 1188 1509 1272 okmdnyrit,

467 1297 608 1384 melylyel
626 1299 743 1363 l'ivald
756 1302 836 1364 neoe't'
850 1301 928 1363 oiie'z
936 1299 1018 1384 jelcs
1033 1301 1117 1363 tettet
1124 1291 1326 1383 jotolmozta.
1345 1297 1446 1359 1291.

496 1529 647 1599 Andreas
664 1527 726 1596 Dei
743 1529 855 1612 gracia
868 1529 1018 1614 Vegetio,
1036 1527 1218 1614 normanie,
1236 1527 1385 1609 croceio,
1400 1530 1504 1610 Remo,

391 1640 514 1723 Seruio,
528 1639 677 1718 Gallicis
690 1639 891 1724 Lodomcrie‚
904 1641 1071 1722 Comenie,
1082 1639 1311 1725 Bwlgoriequc
1322 1637 1394 1703 Rex
1412 1637 1504 1702 omni-

392 1751 452 1816 bus
471 1746 591 1815 Christi
611 1746 760 1815 fidelibus
775 1753 959 1832 presentem
984 1749 1138 1833 peginam
1156 1746 1352 1834 inspecturis
1370 1746 1504 1810 salutem

390 1859 422 1924 in
440 1856 557 1924 salutis
585 1856 749 1938 largitore.
768 1855 820 1922 Ad
836 1857 1059 1922 rniuersorum
1085 1862 1149 1920 tam
1177 1853 1385 1941 presencium
1414 1874 1504 1936 quam

389 1965 567 2033 futurorum
583 1963 740 2031 noticiam
757 1961 871 2030 herum
887 1963 972 2030 serie
988 1963 1136 2030 volumus
1153 1963 1334 2050 peruenire,
1350 1961 1441 2046 qnod
1457 1960 1503 2024 Ni-

391 2073 503 2140 colans
519 2079 552 2140 ct
570 2072 737 2140 lohannes
754 2072 814 2138 filii
830 2073 968 2140 alterins
988 2071 1121 2140 Nicolai
1138 2071 1214 2136 olim
1231 2072 1341 2136 Barna
1350 2119 1361 2154 ,
1381 2069 1504 2136 nobiles

391 2181 431 2246 de
449 2181 612 2250 comitatu
629 2180 839 2248 Gomuriensi
855 2181 898 2248 ed
914 2187 1059 2248 nostram
1081 2179 1277 2248 secedentes
1302 2180 1501 2266 presenciam

395 2289 611 2356 exhibuerunt
635 2289 731 2356 nobis
749 2287 974 2376 priuilegiales
994 2289 1122 2355 litteras
1138 2288 1260 2352 domini
1280 2287 1356 2354 olim
1381 2287 1502 2354 Andree

392 2399 492 2483 Regis
517 2399 572 2466 eui
589 2397 691 2466 nostri
717 2397 901 2466 charissimi
926 2417 1023 2484 super
1044 2397 1226 2465 collacione
1243 2402 1330 2464 terre
1355 2392 1502 2483 Ezyrend

393 2507 471 2574 olim
482 2507 682 2573 antecessori
699 2525 808 2574 eorum
824 2505 1009 2593 'I’hywaldo
1021 2527 1108 2573 enno
1118 2506 1169 2570 Μο
1179 2505 1402 2572 ducentesimo
1414 2520 1501 2587 supro
1547 2505 1548 2590 t

393 2615 584 2698 vigesimum
611 2621 706 2682 sexto
724 2617 902 2699 coniectes,
918 2620 1070 2701 petentes
1096 2614 1229 2681 anobis
1247 2611 1501 2686 commemoria,
1547 2605 1548 2640 ³

393 2731 427 2788 vt
444 2723 534 2808 ipsas
551 2723 776 2808 priuilegieles
793 2723 918 2789 litteras
945 2734 1034 2789 retes
1061 2723 1184 2789 hebere
1201 2729 1235 2788 et
1252 2729 1363 2788 nostro
1382 2738 1501 2805 quoque

394 2829 565 2916 priuilegio
582 2831 622 2896 de
639 2832 847 2916 benignitate
857 2833 962 2918 Regia
977 2831 1184 2916 dignaremur
1195 2829 1398 2898 confirmare.
1412 2831 1500 2897 Ouios

393 2939 524 3022 quidem
542 2939 705 3025 priuilegii
724 2945 818 3007 tenor
835 2941 913 3036 telis
930 2947 980 3007 est
997 2965 1005 3004 ε

500 3063 649 3132 Andreas
665 3069 727 3136 Dei
751 3067 864 3154 gracie
889 3066 997 3154 Hung.
1016 3071 1077 3136 stb.
1095 3071 1166 3134 Rex
1182 3067 1245 3136 stb.
1273 3073 1455 3144 (lovetkezil
1470 3070 1498 3124 ll.

392 3179 487 3235 Endrc
503 3179 594 3252 kirtly
616 3183 743 3238 reto-ki
767 3181 924 3254 olrmetnye,
942 3183 1047 3254 melyet
1062 3179 1295 3254 Okminytr'srunk
1313 3179 1333 3233 Ι.
1358 3178 1497 3235 kotetcben

395 3286 467 3342 21⁷.
484 3287 526 3341 slr.
543 3287 572 3342 ll.
590 3288 766 3360 korolttink.)

500 3405 568 3476 Nos
584 3411 694 3494 itaque
711 3411 958 3479 considerantes
977 3411 1156 3478 fidelitates
1173 3416 1208 3476 et
1224 3409 1364 3478 seruicia
1378 3422 1497 3493 preser-

394 3515 451 3580 tim
469 3515 547 3582 dicti
564 3517 693 3585 Nicolai
709 3518 878 3586 vduorniei
898 3520 1001 3587 nostri
1017 3519 1099 3587 dicti
1115 3523 1237 3603 Beroe,
1254 3538 1294 3585 ac
1311 3515 1423 3582 iretris
1440 3512 1496 3577 eins

394 3621 568 3708 Johennis,
585 3644 648 3708 que
665 3626 698 3691 in
715 3626 979 3709 expedicionibns
996 3626 1136 3694 diuersis
1152 3627 1258 3712 Regni
1275 3625 1378 3692 nostri
1397 3619 1495 3690 leude·

395 3731 505 3798 biliter
520 3732 724 3818 impetierunt
733 3787 742 3822 ,
770 3740 802 3799 et
828 3743 924 3820 prout
949 3737 1043 3803 nobis
1059 3735 1197 3802 relatum
1214 3740 1272 3817 est,
1291 3731 1323 3798 in
1340 3740 1493 3820 posterum

396 3857 522 3922 quoqne
537 3841 726 3927 impendere
742 3844 994 3928 appromittnnt3
1020 3844 1292 3926 attendentesque
1314 3842 1406 3926 ipses
1422 3841 1495 3906 litte-

398 3966 452 4014 ras
469 3949 695 4032 priuilegiales
712 3951 834 4016 domini
844 3951 943 4034 Regis
960 3951 1090 4018 Andrec
1101 3971 1166 4020 non
1182 3953 1334 4030 abrasas,
1351 3970 1418 4017 non
1433 3965 1494 4012 cen·

397 4056 545 4136 celletes,
564 4075 623 4122 neo
636 4059 670 4124 in
688 4059 800 4143 alique
826 4059 877 4126 sui
892 4067 987 4146 perte
1004 4059 1153 4144 violatas,
1178 4067 1323 4125 tenorem
1341 4078 1448 4124 earum
1462 4053 1493 4116 de

398 4165 499 4232 verbo
519 4164 562 4230 cd
587 4167 721 4233 verbnm
745 4170 951 4255 presentibus
976 4171 1133 4236 insertum
1161 4177 1265 4236 ratum
1292 4169 1448 4234 hebentes
1469 4165 1494 4224 et

398 4280 570 4359 acceptum
589 4279 782 4344 auctoritate
808 4279 1007 4364 presencium
1033 4278 1262 4345 confirmemus
1274 4329 1283 4362 ‚
1310 4276 1445 4362 duplicis
1459 4271 1491 4334 si·

398 4381 471 4464 gilli
488 4381 590 4446 nostri
606 4383 777 4450 munimine
803 4385 997 4452 roborando.
1023 4384 1142 4452 Datum
1168 4405 1226 4470 per
1243 4403 1357 4450 menits
1375 4373 1490 4450 discreti

398 4489 459 4558 viri
475 4487 624 4572 magistri
639 4487 803 4558 Theodori
828 4494 979 4560 Albensis
998 4493 1147 4560 Ecclesie
1165 4493 1326 4578 Prepesiti
1352 4491 1425 4556 aule
1447 4504 1489 4552 oo-

398 4601 463 4664 stre
488 4593 791 4684 vicecancellarii,
819 4599 932 4669 dilecti
950 4608 982 4669 et
997 4599 1104 4670 fidelis
1128 4602 1237 4682 nostri,
1265 4619 1351 4668 anno
1377 4591 1490 4668 Domini
