3094 5168
578 321 723 420 m

199 521 414 590 Lodomerius
440 521 657 588 miseracione
685 519 807 587 Diuiua
835 518 1107 606 ¹trehiepiscopus
1138 518 1216 588 Stri-

91 629 263 713 goniensis
281 629 343 697 sib.
366 624 549 712 (kbretlrezik
575 637 716 692 Lodcrner
744 636 882 692 etr-seleuci
899 637 996 705 lcvele,
1014 636 1084 692 mint
1100 634 1215 690 fontebb

96 745 227 824 100.sz.
244 735 286 826 a.)

200 845 269 914 Nos
295 855 404 914 autem
428 853 561 933 propter
587 845 775 912 mandatum
793 842 939 910 eiusdem
965 841 1088 911 domiui
1112 843 1216 912 nostri
1298 871 1300 876 ·

92 953 346 1042 Arcbiepiscopi
361 964 551 1044 presentem
562 976 696 1024 caueam
707 975 765 1023 suo
785 963 874 1022 statu
890 954 991 1039 priori
1003 961 1217 1040 permanente
1237 1019 1242 1026 .

94 1065 136 1132 ad
153 1063 332 1131 secundum
358 1064 445 1129 diem
470 1064 565 1130 Beati
580 1064 668 1130 Luce
695 1062 921 1148 Euangeliste
946 1061 1084 1128 fecimus
1107 1081 1214 1146 prore·

92 1171 175 1254 gari.
193 1173 315 1238 Datum
334 1171 365 1236 in
385 1171 469 1240 festo
481 1172 595 1240 Sancti
608 1172 782 1258 Augustini
799 1169 953 1256 Episcopi
971 1176 1003 1238 ct
1014 1169 1220 1238 confessoris

94 1300 180 1346 anuo
198 1279 331 1346 Domini
349 1279 399 1346 rl⁰
415 1279 485 1348 00⁰
501 1283 717 1363 nonagesimo
742 1285 845 1346 sexto.

288 1477 436 1548 (Eredetie
449 1493 467 1531 a
479 1475 639 1549 vesaprrlmi
653 1473 795 1548 kaptalan
808 1471 1031 1544 levelttrtban.)

532 1777 671 1785 ...υ-...-
676 1776 776 1785 ...ά-

621 2327 699 2394 Ιθθ.

95 2525 207 2612 Epulei
216 2521 417 2611 Mttclycak,
428 2524 543 2590 costo
551 2525 629 2593 ellcn
640 2525 868 2611 tbrotnylceetci
877 2522 1113 2592 lamblento.
1125 2527 1223 2590 1296.

612 2633 713 2702 terrm

209 2833 333 2899 Datum
349 2850 410 2917 pro
426 2833 589 2919 memoria,
611 2833 701 2916 quod
718 2851 791 2899 cum
806 2831 899 2896 iuxta
918 2830 1157 2898 continenciam
1173 2831 1223 2898 lit·

96 2948 248 3008 terarum
263 2938 500 3006 memorialium
511 2939 647 3008 Comitis
664 2939 799 3006 Martini
816 2937 1040 3008 vioe-Judicis
1055 2936 1224 3005 Guricdo·

96 3049 181 3115 mini
198 3047 311 3134 Regis,
327 3048 482 3132 Mychael
498 3047 584 3114 filins
600 3049 763 3116 Jchannis
779 3048 820 3114 dc
836 3047 953 3132 ligole,
970 3045 1140 3124 Ladislao,
1156 3043 1224 3112 filio

96 3154 267 3226 Jobannis
291 3151 351 3220 tilii
376 3154 569 3242 Ohubanka‚
591 3155 624 3220 in
650 3156 776 3223 octenis
803 3154 897 3223 Beati
914 3154 1048 3242 Georgii
1068 3155 1222 3236 martiris,

97 3285 162 3332 sex
178 3281 310 3332 marcas
327 3282 435 3330 coram
456 3263 551 3329 nobis
568 3265 698 3330 soluere
714 3261 898 3344 debuisset;
928 3262 1126 3330 adveniente
1151 3264 1225 3349 ipso

96 3372 244 3440 termino
272 3370 440 3456 Stephano
464 3372 628 3440 scrutante
644 3371 747 3458 ipsius
774 3371 921 3440 Ladislai
941 3391 1012 3438 cum
1039 3372 1158 3440 litteris
1183 3371 1227 3438 ad

95 3483 212 3570 ipsam
224 3479 423 3548 solucionem
434 3481 662 3565 spectantibus
679 3502 737 3566 pro
755 3481 871 3549 codem
888 3481 1019 3548 dominc
1037 3499 1096 3546 sno
1113 3499 1229 3548 exvna

94 3595 213 3676 parte,
232 3588 274 3654 ab
285 3589 393 3654 altera
408 3609 485 3656 vero
501 3589 588 3657 dicto
604 3589 768 3658 Michacle
784 3611 891 3657 coram
905 3589 998 3656 nobis
1009 3589 1229 3674 personaliter

97 3697 314 3782 constitutis3
331 3696 418 3764 idem
433 3697 584 3785 llycbael
605 3698 805 3767 solucionem
831 3698 962 3782 quidem
987 3699 1111 3764 nnllam
1137 3697 1226 3780 lecit,

95 3805 163 3875 sed
182 3803 333 3871 exhibuit
358 3805 453 3872 nobis
479 3807 609 3874 litteras
635 3806 757 3874 domini
781 3806 882 3892 Regis
899 3807 1122 3888 continentes,
1141 3804 1230 3890 quod

95 3911 280 3980 cumidem
295 3912 447 3998 Mycbael
466 3912 551 3982 filine
567 3913 751 3999 Johsnnis,
777 3916 926 3984 seruiens
951 3913 1137 4003 Dominicy,
1163 3917 1231 3980 Ma·

94 4020 200 4106 gistri
217 4019 477 4088 Tanarnicorum
504 4023 650 4090 eiusdem
676 4023 796 4090 domini
813 4023 933 4108 Regis,
960 4042 1025 4090 vna
1044 4043 1117 4088 cum
1140 4021 1229 4092 dicto

94 4128 268 4214 magistro
276 4129 449 4198 Dominico
460 4132 593 4199 domino
604 4151 674 4213 suo,
685 4131 727 4197 ad
738 4142 924 4218 presentem
937 4133 1115 4200 exercitum
1126 4132 1229 4216 ipsine

97 4239 235 4308 domini
250 4239 351 4324 Regis
376 4241 417 4307 eit
439 4241 652 4328 profecturus,
671 4241 791 4308 dictam
809 4244 1010 4311 solucionem
1026 4262 1086 4311 sex
1105 4258 1229 4310 marca·

95 4371 189 4434 rum,
207 4346 281 4415 sinc
302 4348 494 4432 grauanime
514 4348 608 4434 dupli
632 4350 789 4432 alicuius,
807 4352 850 4417 ud
876 4350 1059 4434 quindenae
1084 4349 1230 4416 eiusdem

93 4455 271 4524 exercitus
287 4454 479 4524 deberemus
498 4477 684 4544 prorogare.
702 4457 771 4527 Nos
788 4459 886 4540 igilur
902 4459 1066 4528 mandatis
1084 4456 1229 4525 ciusdem

95 4563 233 4634 domini
251 4564 353 4650 Regis
370 4564 652 4654 obtemperantes,
682 4573 719 4634 vt
735 4577 891 4648 tenemur,
909 4569 1068 4654 prefatam
1089 4566 1230 4634 solucio-

96 4695 184 4744 nem
200 4671 331 4755 absque
349 4667 459 4752 aliquo
485 4671 676 4756 manamine
692 4670 734 4738 ad
752 4671 842 4756 ipsas
864 4672 1045 4755 quindenas
1070 4674 1232 4742 exercitur

1004 4781 1070 4847 11*
