3072 5168
350 1160 382 1229 A
395 1161 514 1230 toroczo'
539 1159 673 1230 horreant
698 1160 980 1250 bizonyodqleoele,
1006 1162 1087 1250 hoyy
1102 1163 1216 1247 Jonoe,
1240 1157 1464 1244 Nomouloflo

347 1272 529 1338 oLodcmer
543 1275 575 1337 es
593 1269 695 1360 Koch,
720 1273 850 1337 Morton
857 1272 932 1357 fici,
949 1271 1093 1358 bizonyoe
1114 1273 1195 1338 retro
1209 1271 1387 1337 ocemkozo
1394 1291 1460 1355 per-

659 1379 715 1444 ben
729 1382 904 1466 cyyececyre
928 1380 1038 1464 leptelc.
1055 1380 1154 1444 1295.

454 1576 523 1644 Nos
539 1577 569 1646 J.
586 1577 803 1646 miseracione
813 1577 935 1646 Dinino
950 1579 1142 1663 Propositus
1158 1583 1191 1642 et
1206 1577 1393 1644 Gonoentns
1403 1577 1458 1642 Ee-

349 1687 450 1754 elesie
464 1685 566 1754 Beate
582 1685 727 1769 Virginis
746 1683 787 1752 de
811 1684 942 1754 Turuch
958 1684 1090 1756 Ordinis
1117 1685 1459 1755 Promonstrotensiun

348 1794 501 1860 memorie
526 1792 799 1879 commendamus,
816 1793 933 1877 quibos
953 1793 1085 1879 expedit
1100 1812 1159 1878 per
1174 1801 1362 1876 presentes,
1378 1791 1459 1874 qnod

347 1901 518 1969 Johennes
535 1901 622 1968 tilios
639 1900 816 1970 Namozlou
837 1900 880 1970 ab
897 1921 962 1969 nno
979 1907 1085 1987 perte,
1102 1902 1318 1969 Lodomerins
1334 1909 1367 1966 et
1383 1898 1459 1967 Goth

348 2009 404 2077 filii
420 2010 553 2076 Martini
577 2009 621 2076 ob
637 2007 744 2077 altero
769 2010 802 2076 in
819 2017 932 2076 nostro
956 2008 1176 2095 personaliter
1202 2009 1367 2076 constituti
1392 2025 1457 2090 pre-

349 2119 461 2187 sencia
477 2119 657 2186 retulerunt
673 2117 707 2184 in
724 2137 834 2204 conse,
851 2137 914 2201 qne
930 2117 1015 2185 inter
1040 2117 1132 2202 ipsos
1156 2118 1289 2184 racione
1312 2115 1397 2203 prati
1413 2135 1457 2179 cn·

346 2226 488 2316 jusdam,
501 2227 556 2310 qni
566 2227 659 2294 iuxta
669 2224 800 2292 fluuium
812 2227 1022 2312 Semouoyoe
1037 2227 1258 2310 snpreincere
1277 2223 1458 2298 dinoscitur,

352 2334 552 2418 uertebotnr‚
564 2333 698 2401 arbitrio
715 2341 747 2400 et
763 2333 971 2402 ordinacione
983 2335 1158 2418 proborum
1168 2334 1362 2400 virorom-
1372 2361 1459 2378 --

351 2445 485 2511 oreliter
501 2443 737 2528 concordasse;
754 2444 841 2525 qnod
856 2443 957 2528 ijdem
973 2443 1188 2512 Lodomerins
1204 2453 1236 2508 et
1251 2443 1340 2510 Koth
1356 2457 1459 2524 sopra-

349 2553 429 2620 dicti
444 2552 548 2637 ipsum
565 2557 696 2638 protum
712 2553 779 2618 iam
797 2551 937 2636 dictum,
962 2553 1051 2638 qnod
1078 2552 1112 2619 in
1131 2555 1225 2620 metis
1242 2551 1387 2618 eiusdem
1408 2549 1425 2613 J
1429 2568 1455 2610 o·

350 2661 469 2728 hnnnis
484 2660 661 2728 dinoscitnr
671 2660 833 2743 extitisse,
844 2668 942 2744 prout
958 2659 1064 2728 eciam
1081 2665 1112 2725 in
1129 2659 1302 2744 priuilegio
1320 2655 1456 2742 ejusdem

349 2769 491 2837 vidimus
508 2769 679 2854 contineri,
696 2769 895 2853 reliquerunt
920 2777 953 2837 et
968 2769 1187 2852 permiserunt
1201 2765 1310 2834 eidem
1325 2759 1456 2834 Johenni

350 2883 382 2942 et
397 2879 466 2946 suis
482 2876 656 2943 heredibus
672 2877 891 2961 heredumque
907 2876 1152 2943 successoribus
1168 2879 1240 2942 inre
1256 2881 1410 2963 perpetuo
1429 2877 1455 2932 et

351 2985 618 3052 inrevocabiliter
634 2983 878 3069 possidendum.
906 2983 975 3050 Nos
991 2984 1092 3067 igitur
1111 2983 1156 3049 ad
1182 2985 1378 3068 peticionem
1393 2997 1453 3065 per-

351 3096 435 3159 oium
452 3094 581 3160 litteras
598 3097 727 3159 nostras
748 3091 968 3159 concessimus
985 3091 1087 3176 sigilli
1103 3091 1207 3158 nostri
1224 3090 1397 3156 monimine
1414 3106 1452 3150 rc·

351 3211 496 3276 borotos.
511 3207 630 3272 Datum
654 3223 739 3268 anno
757 3203 800 3269 ob
817 3202 1055 3270 Incornooionc
1072 3199 1204 3267 Domini
1219 3199 1269 3267 Μο
1286 3201 1355 3268 00⁰
1369 3215 1453 3264 nona-

351 3316 477 3399 gesimo
493 3317 614 3398 quinto.

493 3509 641 3577 (Eredetic
655 3507 897 3580 Kormticnbonye
910 3527 950 3564 sn.
963 3509 990 3562 ir.
1005 3505 1090 3564 viros
1104 3503 1327 3570 leveltiribon.)

802 3807 1023 3817 ——a-
