3072 5168
93 1222 188 1291 V111.
205 1222 365 1310 Bonifdcc
374 1229 466 1311 palpo
493 1225 610 1291 Miletos
625 1227 893 1314 szckcsfeberucin'
908 1229 1083 1292 kocouolsot
1103 1229 1212 1295 tuaac

86 1331 180 1416 lupos
203 1329 498 1418 szoddlptulacsdpa
525 1331 591 1396 alell
600 1331 803 1419 felmentotc,
820 1335 1006 1424 mepcnqedi,
1027 1335 1106 1424 bopy
1113 1341 1210 1425 jona-

402 1440 524 1507 dclmdt
538 1441 775 1529 meptartbassa.
801 1447 897 1510 1295.

195 1673 384 1742 Boniiacins
401 1675 584 1762 Episcopus
609 1694 725 1746 seruus
739 1647 906 1746 'seruorum
924 1679 986 1747 Dei
1002 1679 1121 1749 dilecto
1137 1680 1204 1750 lilio

82 1782 228 1851 Nicolao
243 1784 396 1868 Ungurc,
414 1785 580 1851 Canopico
604 1785 758 1854 Ecclesia
776 1785 928 1855 Albensis
954 1787 1206 1874 Vesprimiensis

84 1891 238 1959 Diocesis
254 1893 395 1960 salutem
411 1898 444 1959 et
460 1891 685 1979 Apostolicam
701 1895 975 1965 benedictionem.
992 1897 1140 1985 Benigne
1150 1919 1205 1986 pe-

85 2003 223 2069 titiones
238 2001 316 2068 illas
333 2000 473 2073 libenter
489 2001 713 2086 admittimus,
741 2021 803 2086 que
820 2003 865 2070 ad
880 2004 1022 2086 quietem
1039 2024 1208 2090 corporum

84 2119 119 2178 et
134 2111 277 2178 salutem
293 2110 458 2196 pertinent
483 2109 675 2178 animarum.
693 2109 781 2178 Sanc
801 2111 916 2197 petitio
934 2117 990 2178 tua
1007 2113 1102 2180 nobis
1118 2115 1209 2181 exhi·

85 2221 154 2288 bita
167 2219 368 2306 continebat,
381 2218 468 2302 quod
485 2219 645 2286 cumolim
656 2219 797 2302 quedam
822 2220 948 2308 molier,
965 2222 1066 2288 vitam
1082 2221 1208 2290 ducens

84 2329 218 2416 publice
234 2330 439 2412 dissolutam,
450 2326 615 2396 diabolico
631 2328 746 2413 spiritu
763 2335 938 2416 coucrtata,
951 2337 984 2399 te
999 2333 1087 2416 apud
1102 2333 1203 2399 bonos

85 2447 119 2506 et
134 2457 256 2524 graves
271 2457 369 2523 super
388 2437 528 2504 diversis
545 2437 745 2524 criminibus,
757 2437 875 2520 quibus
892 2445 925 2504 te
941 2438 1102 2508 irretitum
1118 2460 1206 2509 men·

84 2547 213 2617 ducitur
238 2547 431 2634 asserebat,
458 2545 581 2633 pluries
609 2544 834 2632 diffamasset3
859 2547 991 2618 taudem
1019 2568 1089 2616 cum
1116 2549 1206 2618 dicta

86 2658 204 2726 mulier
220 2665 332 2726 contra
342 2665 375 2726 te
385 2657 417 2724 in
429 2657 662 2724 contumeliosa
674 2662 708 2722 et
718 2655 934 2741 obprobrium
949 2659 1052 2726 rerba
1061 2676 1205 2742 prorum·

84 2773 191 2855 peret,
209 2772 279 2834 cta
301 2771 334 2834 te
349 2763 473 2850 pluries
490 2762 663 2831 caritative
679 2761 812 2847 monita,
833 2769 868 2829 ut
882 2765 925 2833 ab
942 2763 1005 2832 biis
1021 2765 1207 2850 desistoret,

83 2893 124 2940 ac
139 2873 178 2940 id
199 2873 309 2942 lacere
335 2892 401 2942 non
420 2871 575 2954 deberet,
592 2869 726 2954 quidam
743 2869 841 2936 amici
855 2871 913 2958 tui,
930 2878 1133 2954 nequeuntes
1149 2869 1206 2938 bu-

83 2981 226 3048 iusmodi
241 2981 344 3067 ipsius
361 2979 508 3047 mulieris
525 2978 760 3062 loquacitatem
776 2985 810 3044 et
821 2979 997 3064 nequitiam
1009 2980 1205 3066 substinere,

83 3089 191 3176 ipsam
203 3089 236 3158 in
246 3089 344 3160 dorso
360 3089 488 3174 absque
504 3087 675 3173 sauguinis
693 3085 851 3154 offusione
871 3089 924 3154 vel
935 3089 1094 3157 fractione
1109 3109 1205 3158 mem-

82 3199 224 3281 brorum,
240 3204 274 3262 te
289 3203 452 3284 presente,
468 3217 535 3266 non
551 3203 663 3264 tamen
679 3196 936 3280 contradicente,
953 3215 1026 3262 cum
1041 3196 1161 3264 baculo
1172 3203 1206 3264 et

81 3305 242 3388 fustibus,
269 3305 398 3376 levibus
414 3313 524 3377 tamen
550 3314 584 3374 et
608 3305 804 3389 subtilibus,
830 3307 1050 3374 verberarunt.
1084 3308 1203 3376 Verum

83 3415 163 3500 qnia
179 3417 295 3484 mulier
311 3417 384 3504 ipsa
407 3426 484 3505 post
498 3416 661 3484 modicum
677 3419 833 3502 temporis
849 3417 993 3501 spatium
1012 3414 1204 3502 exspiravit,

81 3533 117 3592 tu
134 3525 301 3607 dubitans,
318 3533 503 3612 uepropter
519 3527 726 3592 occasionem
740 3524 915 3592 verberum
931 3524 997 3592 sibi
1010 3524 1120 3592 taliter
1133 3525 1204 3592 illa·

82 3641 190 3700 torum
206 3633 331 3720 obiret,
357 3641 391 3702 et
415 3653 457 3700 ex
472 3630 534 3698 boc
559 3631 684 3700 babens
705 3633 939 3702 conscientiam
955 3629 1203 3720 remordentem,

83 3743 179 3810 nobis
194 3743 361 3812 humiliter
375 3741 582 3828 supplicasti,
594 3749 629 3808 nt
646 3742 732 3808 circa
746 3742 964 3810 retentionem
985 3741 1205 3810 Gunouieatus

82 3860 116 3920 et
131 3851 318 3939 prebende,
344 3869 425 3935 quos
450 3849 484 3917 in
501 3849 651 3934 predicta
676 3849 828 3917 Ecclesia
844 3849 980 3919 Albensi
996 3849 1146 3920 obtinere
1170 3858 1203 3920 te

81 3959 217 4046 asseris,
237 3958 411 4046 providere
425 3955 484 4024 tibi
501 3978 559 4042 per
574 3964 731 4046 oportune
750 3957 1009 4043 dispensationis
1024 3957 1201 4026 remedium

83 4089 126 4136 ex
141 4068 347 4154 benignitate
373 4069 567 4152 Apostoliea
592 4065 810 4152 dignaremur.
837 4068 906 4136 Nos
922 4069 1035 4150 itaque
1050 4069 1113 4136 tuis
1129 4085 1203 4151 snp-

83 4175 315 4265 plicatiouibus
346 4175 512 4258 inclinati,
549 4175 650 4260 quieti
674 4184 729 4243 tue
761 4177 793 4241 in
819 4175 883 4244 bac
909 4184 1001 4260 parte
1032 4174 1203 4263 providere

84 4286 253 4368 volentes,
279 4293 405 4369 tecum,
440 4285 528 4369 quod
552 4285 722 4370 premissis
758 4303 968 4368 nequaquam
998 4283 1202 4354 obstantibus

85 4393 249 4481 predictos
281 4393 576 4463 canonicatuum
607 4391 807 4479 prebendam
837 4392 927 4460 licite
957 4390 1096 4460 retinere
1127 4411 1202 4478 pos·

85 4505 149 4588 sis,
182 4501 381 4572 auctoritate
411 4500 611 4584 presentium
642 4501 882 4587 dispensamus.
916 4501 1005 4568 Nulli
1033 4519 1111 4586 ergo
1139 4507 1202 4570 ete.

86 4619 192 4680 nostre
232 4609 491 4695 dispensationis
521 4617 581 4678 etc.
629 4609 747 4676 Datum
780 4611 881 4678 Rome
920 4608 1008 4694 apud
1045 4609 1199 4678 Sanctum
