3082 5166
819 299 980 404 gns-

338 505 402 591 ipsi
418 499 682 586 essentrudique
693 501 900 570 oonmetanei
916 504 1004 568 terre
1019 498 1111 567 Puoh
1128 495 1327 583 supradicte,
1344 505 1378 564 et
1388 515 1455 562 onu-

338 630 407 679 snm
424 613 586 679 haberent
601 629 672 676 oum
691 608 815 678 eisdem
830 608 909 692 iilijs
925 607 1080 694 Dyonisij
1099 605 1227 672 diucius
1244 605 1453 687 uentillatum,

337 717 424 785 idern
440 720 557 788 (lomes
573 719 698 807 Mykon
724 719 811 786 iilius
832 751 869 762 -
891 751 928 764 -
948 751 993 763 —
1011 753 1051 765 —-
1069 713 1249 782 obieoisset
1264 720 1296 779 et
1311 712 1372 780 suit
1386 732 1454 778 oon·

338 826 454 910 lessus,
472 825 558 910 qnod
575 827 683 913 ipsam
699 833 819 895 terrum
836 825 928 892 Puob
945 824 1135 911 porcionem
1151 823 1292 891 filiorum
1310 819 1455 907 Dyonisij

337 936 558 1024 predictorum
574 956 633 1021 pro
650 942 742 1004 tanto
757 935 929 1020 resiperet,
947 938 982 998 ut
997 931 1146 1000 eumdem
1162 929 1287 999 eisdem
1303 928 1456 1014 magistro

340 1043 508 1128 Stephano
535 1050 567 1110 et
583 1042 740 1110 iratribus
757 1044 843 1124 suis,
869 1039 949 1127 filijs
965 1039 1099 1108 Endree
1115 1039 1234 1122 curui,
1259 1041 1291 1104 iu
1307 1056 1457 1104 nonnam·

339 1149 428 1216 bium
444 1157 530 1218 terre
546 1148 662 1216 Ludsn
677 1146 824 1216 truderet
840 1153 874 1214 et
890 1148 984 1215 daret
999 1145 1237 1234 possidendam
1246 1197 1256 1232 ,
1273 1165 1336 1214 neo
1352 1165 1410 1230 pro
1425 1162 1457 1210 se

341 1265 398 1328 out
413 1277 474 1344 pro
489 1258 567 1342 iilijs
584 1256 720 1324 domitis
736 1256 839 1342 Byter
854 1256 1030 1339 retineret,
1047 1253 1108 1321 sed
1125 1253 1216 1339 ipsos
1231 1252 1319 1320 filios
1336 1251 1459 1318 lindrne

339 1365 438 1434 Gurui
462 1367 496 1432 in
521 1363 659 1451 psoifies
685 1364 899 1450 possessione
924 1362 1013 1432 dioto
1039 1367 1126 1430 terre
1152 1381 1212 1447 per
1237 1359 1460 1430 concumbium

340 1481 427 1542 terre
442 1472 569 1542 Ludnm
585 1473 708 1542 tradite
724 1477 946 1556 oonseruaret,
967 1489 1029 1539 nee
1044 1469 1121 1556 slijs
1139 1471 1204 1538 nisi
1220 1470 1284 1538 sibi
1301 1469 1461 1536 uendendi

341 1584 480 1652 haberet
495 1581 699 1650 lsoultetem.
728 1581 828 1651 (iuius
854 1579 986 1664 quidem
1003 1585 1090 1648 terre
1106 1579 1197 1647 Pueb
1216 1585 1304 1646 mete
1320 1581 1362 1646 ab
1387 1577 1462 1664 nlijs

339 1691 435 1760 terris
453 1692 501 1760 sio
517 1689 758 1776 distinguntur:
776 1691 918 1776 Aperte
934 1686 1133 1756 oooidentali
1148 1709 1170 1756 o
1185 1695 1275 1757 terro
1290 1687 1402 1757 Dolon
1417 1687 1463 1752 in·

341 1795 495 1884 oipiendo
511 1797 545 1864 in
561 1799 748 1865 summitate
764 1795 911 1864 nolliouli
927 1796 1106 1862 eommunis
1124 1801 1201 1864 sunt
1217 1801 1285 1864 tres
1302 1803 1388 1864 meto
1402 1802 1464 1862 ter·

342 1923 398 1972 ree
414 1903 559 1992 antique,
576 1903 694 1989 quibus
709 1911 808 1973 untes
824 1902 1054 1990 possederunt,
1071 1923 1208 1987 quarum
1227 1921 1293 1970 uua
1309 1900 1430 1970 diuidit
1445 1925 1465 1970 a

340 2013 417 2099 filijs
433 2013 573 2096 ldudree,
584 2012 769 2099 aliaafilijs
786 2010 951 2099 DyonisiJ‚
962 2017 996 2078 et
1006 2013 1112 2079 ternio
1127 2010 1245 2079 diuidit
1262 2033 1283 2078 a
1298 2017 1387 2079 terra
1402 2010 1467 2075 Do·

341 2121 417 2206 lan;
433 2118 510 2188 dein
526 2121 620 2187 uadit
635 2119 678 2192 ad
689 2131 818 2208 portem
834 2121 1027 2189 orientalem
1038 2127 1071 2189 et
1086 2120 1119 2186 in
1130 2120 1267 2206 antique
1281 2119 1346 2205 nia,
1358 2117 1414 2184 nbi
1425 2137 1465 2184 ex

342 2233 481 2312 utruque
498 2235 594 2314 perte
608 2229 662 2296 uie
678 2235 754 2297 sunt
769 2227 835 2297 due
856 2235 941 2296 mete
956 2230 1086 2298 nouiter
1110 2237 1229 2312 erecte,
1246 2247 1386 2314 quorum
1401 2245 1466 2293 uus

344 2335 460 2403 diuidit
475 2357 496 2403 a
512 2337 592 2423 filijs
617 2337 748 2406 Eudree
765 2343 799 2404 et
824 2337 892 2405 olio
908 2339 951 2406 ab
969 2337 1103 2407 lldeueb
1112 2387 1121 2422 ‚
1139 2357 1221 2422 ques
1238 2337 1356 2404 itemm
1376 2353 1464 2403 reno·

344 2451 480 2530 uamnt3
497 2439 615 2512 deinde
631 2445 665 2512 iu
682 2447 799 2513 eedem
816 2446 873 2512 nia
889 2446 1035 2514 deeliuat
1060 2465 1176 2514 uersus
1200 2445 1465 2531 septemtrionem

346 2550 597 2636 descendendo,
614 2553 669 2621 ubi
685 2559 760 2620 sunt
775 2553 839 2620 due
855 2559 942 2621 mete
957 2555 1100 2637 antique,
1118 2571 1201 2637 quos
1217 2557 1419 2621 rennuerunt
1434 2551 1465 2614 in

348 2660 490 2746 virgulto
513 2679 617 2746 propo
641 2669 762 2728 terram
778 2661 955 2743 arabilem;
983 2659 1059 2727 inde
1085 2659 1256 2728 deseendit
1278 2659 1322 2724 ad
1348 2667 1462 2724 terram

343 2767 505 2834 arabilem
522 2773 555 2834 et
571 2768 618 2835 ibi
632 2775 708 2836 sunt
724 2767 788 2835 due
804 2774 890 2836 mete
906 2768 1041 2854 entique
1056 2767 1174 2834 iterum
1198 2771 1367 2848 renouato,
1386 2783 1462 2847 qua·

345 2893 415 2942 rum
441 2895 507 2943 uuo
532 2876 652 2944 diuidit
676 2897 697 2943 a
724 2875 801 2962 filijs
823 2875 957 2945 Endree
983 2885 1016 2944 et
1032 2877 1101 2944 elio
1115 2877 1157 2946 ob
1175 2873 1327 2960 Edeueb5
1350 2871 1464 2940 deinde

346 2984 516 3054 deseendit
527 2984 570 3052 ed
580 2983 710 3052 fluuium
721 2987 848 3071 lienus,
861 2991 895 3051 et
909 2985 957 3052 ibi
967 2985 1057 3055 eirea
1071 2983 1205 3053 fluuium
1218 2991 1295 3052 suut
1311 2985 1375 3051 due
1383 2988 1464 3049 mete

346 3092 487 3179 entique,
505 3115 568 3178 que
585 3099 660 3162 sunt
669 3101 836 3178 renouato,
847 3112 985 3176 quarum
997 3113 1062 3161 una
1073 3093 1192 3161 diuidit
1207 3115 1229 3162 a
1243 3090 1323 3176 filijs
1337 3091 1464 3158 Endree

347 3207 381 3267 et
398 3201 466 3268 elia
482 3205 525 3271 eb
541 3201 693 3286 Edeuoh3
711 3201 832 3269 deinde
848 3199 938 3268 uadit
954 3210 987 3270 et
1002 3202 1091 3272 ondit
1107 3203 1140 3267 in
1156 3202 1290 3269 fluuium
1306 3201 1417 3266 llenus
1434 3202 1466 3262 et

346 3309 498 3376 aseendit
513 3309 652 3393 primum
669 3309 701 3374 in
720 3305 820 3376 fluuio
837 3304 935 3397 (igy)‚
952 3315 985 3376 et
999 3309 1046 3377 ibi
1062 3310 1181 3378 transit
1206 3309 1312 3394 ipsum
1336 3305 1466 3374 fluuium

348 3423 381 3482 et
396 3417 489 3484 uadit
504 3417 546 3484 ad
571 3418 855 3502 septemtrionem,
883 3418 936 3483 nbi
953 3423 1029 3485 sunt
1045 3418 1110 3484 due
1126 3423 1212 3484 mete
1229 3417 1380 3500 antique,
1403 3431 1468 3496 que

347 3531 423 3592 suut
437 3531 606 3612 renouato,
624 3545 760 3608 quornm
776 3545 842 3594 uno
857 3523 973 3592 diuidit
988 3547 1009 3593 a
1034 3523 1113 3612 filijs
1139 3525 1271 3593 Endree
1296 3531 1329 3591 et
1344 3524 1408 3590 ulia
1423 3521 1467 3585 ab

347 3630 501 3717 lldeuob3
517 3633 638 3700 deinde
648 3633 738 3703 uadit
748 3631 897 3698 similiter
909 3631 954 3698 ad
969 3632 1236 3718 septemtrionem
1252 3633 1343 3698 eison
1357 3631 1469 3698 villum

348 3743 382 3808 in
398 3745 487 3806 terre
503 3740 633 3826 arabili,
650 3741 683 3808 in
698 3741 763 3808 fine
778 3738 922 3806 eiusdem
940 3745 1026 3806 terre
1042 3748 1118 3807 sunt
1134 3741 1198 3806 due
1214 3747 1302 3806 mete
1328 3739 1469 3820 antique,

348 3867 484 3934 quorum
501 3865 566 3916 uno
582 3856 718 3934 sepsrnt
742 3847 857 3932 afiliJs
875 3846 1004 3916 Endree
1020 3855 1052 3914 et
1068 3849 1137 3915 elio
1154 3853 1197 3918 sb
1214 3848 1386 3934 ldedeuob3
1410 3845 1470 3911 de-

348 3953 426 4022 inde
443 3955 627 4041 incipiendo
644 3977 666 4024 o
682 3957 748 4024 fine
775 3958 845 4024 eius
861 3962 946 4022 terre
963 3957 1056 4024 uadit
1073 3957 1118 4024 ad
1135 3964 1262 4043 partem
1279 3957 1471 4024 orientalem

348 4062 393 4133 ed
409 4083 560 4147 magnum
578 4065 737 4150 spnoium,
753 4073 787 4132 et
801 4063 954 4133 aseendit
970 4064 1013 4134 ed
1031 4081 1129 4133 unum
1145 4065 1340 4150 colliculum,
1356 4063 1407 4146 qui
1416 4069 1475 4128 est

349 4171 463 4239 subtus
480 4171 590 4249 Nulos,
607 4179 641 4238 et
657 4171 702 4238 ibi
719 4193 760 4240 ex
775 4179 914 4257 utroque
929 4180 1024 4257 porte
1049 4173 1102 4242 uie
1116 4181 1194 4242 sunt
1210 4174 1274 4242 due
1290 4182 1373 4240 mete
1387 4171 1475 4236 nuti·

349 4297 412 4362 que
421 4327 432 4364 ‚
457 4299 594 4363 quornm
610 4300 677 4351 une
692 4280 810 4348 diuidit
826 4301 847 4347 e
862 4281 942 4366 filijs
959 4275 1088 4349 Eudree
1098 4335 1108 4369 ‚
1122 4289 1156 4348 et
1173 4283 1240 4349 alia
1256 4284 1300 4349 ab
1317 4273 1446 4346 Edeuoh
1463 4298 1473 4358 ς

349 4385 470 4454 deinde
486 4385 675 4474 inoipieudo
691 4387 783 4457 ondit
794 4407 908 4458 uersus
925 4389 1094 4456 meridiem
1108 4389 1284 4457 adtentum
1301 4384 1473 4468 arabilem,

350 4499 383 4558 et
397 4494 442 4560 ibi
460 4503 537 4562 snut
561 4495 625 4561 due
642 4503 737 4580 mete,
765 4515 901 4580 quornm
918 4515 984 4562 uua
1000 4519 1021 4565 a
1037 4497 1117 4582 lilijs
1135 4497 1263 4566 ldndree
1287 4496 1414 4580 separat
1435 4498 1476 4557 et

350 4600 419 4668 slis
434 4601 476 4668 ab
491 4601 646 4687 lldeuob3
665 4610 698 4670 et
713 4601 790 4670 inde
801 4604 918 4671 transit
934 4623 993 4689 per
1009 4611 1136 4688 pratum
1149 4613 1182 4672 et
1194 4605 1327 4674 fluuium
1341 4603 1476 4682 bleuns,
