3072 5168
571 435 590 441 -
620 333 721 442 12⁹„

76 533 157 619 quis
172 537 228 606 uel
245 537 347 622 aliqui
363 537 406 604 ad
422 539 579 607 Comitem
597 539 714 606 Nicola
730 544 763 605 et
784 539 918 608 fratrem
935 537 1081 603 eiusdem
1101 539 1199 620 perti-

75 655 198 712 nentes
216 645 339 729 aliquid
356 647 544 714 nocumenti
570 648 651 732 ipsis
669 649 795 718 ciuibus
821 657 913 716 extra
934 647 1101 715 ciuitatem
1117 645 1196 711 (ire

77 774 215 821 censem
243 757 297 821 uel
322 755 408 822 alias
433 757 637 840 irrogarent,
664 760 736 845 ipse
762 759 878 826 Comes
897 756 1016 824 Nicola
1040 763 1074 822 et
1098 754 1200 819 frater

77 863 233 930 eiusdem
249 863 334 930 infra
351 866 501 949 spacium
527 865 623 930 unius
640 867 762 934 mensis
783 865 973 932 accedendo
999 860 1042 928 ad
1057 868 1203 930 castrum

77 973 261 1054 Grecense,
278 972 475 1040 satisfacere
491 973 644 1039 damnum
664 975 715 1038 uel
742 975 892 1041 iniuriam
911 991 1012 1058 passo
1037 970 1202 1038 tenebitur

76 1113 124 1124 —
141 1113 187 1126 -
203 1113 248 1126 —
263 1079 394 1146 nonnisi
411 1099 453 1145 ex
472 1080 732 1148 aduersitatibus
758 1081 964 1148 euidentibus
990 1080 1109 1146 fuerint
1129 1097 1200 1164 pre-

77 1185 196 1272 pediti,
212 1195 246 1252 ct
261 1186 347 1252 infra
363 1187 447 1252 idem
463 1196 612 1272 tempus,
637 1192 806 1256 memorati
823 1189 928 1256 Maior
953 1186 1035 1253 uille
1060 1195 1093 1252 et
1110 1187 1200 1251 ciues

77 1296 122 1360 de
139 1295 229 1378 suis,
246 1295 363 1363 autad
379 1315 436 1363 eos
452 1299 709 1382 pertinentibus,
736 1300 776 1365 de
795 1298 922 1364 iniuriis
943 1302 976 1364 et
993 1295 1123 1363 damnis
1140 1294 1200 1360 Go-

78 1402 155 1468 miti
170 1402 290 1470 Niccla
306 1409 339 1469 et
355 1405 450 1472 fratri
466 1407 613 1474 eiusdem
629 1427 669 1474 ac
685 1406 728 1474 ad
744 1426 800 1476 eos
821 1404 1061 1493 pertinentibus
1078 1403 1199 1488 irroga·

79 1512 124 1577 tis
155 1511 422 1580 satisfaccionem
448 1517 637 1600 impendere
663 1517 868 1582 tenebuntur.
896 1513 1045 1582 Tandem
1070 1513 1114 1580 ad
1139 1513 1201 1580 hec

79 1621 295 1688 observanda
310 1631 344 1690 et
357 1622 569 1706 attendenda,
587 1625 820 1693 consensionis
836 1656 1202 1672 -------

78 1729 202 1796 Comes
219 1729 336 1798 Nicola
351 1739 384 1798 et
398 1733 538 1802 Janinus
554 1733 653 1800 frater·
664 1732 819 1817 eiusdem,
830 1732 984 1816 ineliquo
995 1731 1121 1816 horum,
1138 1749 1216 1816 qne¹

80 1848 350 1924 assumpserunt,
366 1849 629 1927 transgressores
640 1864 698 1912 sen
713 1845 892 1911 uiolatores
908 1841 985 1910 fidei
1002 1843 1121 1928 reperti
1137 1839 1202 1906 fue-

79 1945 146 2012 rint
156 1996 165 2030 ,
192 1949 421 2032 possessiones
438 1971 516 2019 snas
542 1953 576 2018 in
593 1953 729 2020 ciuitate
746 1951 925 2033 Grcccnsi,
942 1951 995 2017 vel
1012 1957 1106 2016 extra
1121 1946 1200 2013 ciui-

81 2061 186 2122 tatem
212 2057 333 2140 ubique
360 2060 542 2128 existentes
558 2101 600 2110 -
622 2097 666 2110 —-
683 2101 723 2110 -
751 2061 868 2128 Comes
894 2059 1014 2126 Nicola
1038 2091 1082 2103 —-
1099 2053 1201 2120 —ad

81 2183 201 2231 manns
216 2166 296 2234 ville
322 2169 563 2236 communitatis
589 2171 766 2238 (trecensis
795 2168 1039 2253 denolvendas,
1065 2167 1202 2248 insuper

83 2293 206 2358 penam
231 2273 365 2360 periurii
391 2279 463 2364 ipse
489 2284 522 2342 et
537 2277 639 2344 frater
663 2277 794 2345 eius-
811 2313 855 2325 —·
871 2315 913 2326 -
931 2281 965 2342 et
980 2271 1132 2342 similiter
1157 2273 1200 2338 ci-

84 2401 144 2448 ues
161 2401 219 2450 seo
243 2385 442 2455 uniuersitas
466 2385 626 2470 predicta,
644 2381 703 2471 (si)
720 2391 893 2469 assumpta
920 2393 954 2450 et
983 2383 1145 2470 promisse
1169 2382 1203 2449 in

88 2490 152 2556 hac
168 2499 263 2575 parte
288 2514 353 2559 non
372 2496 578 2578 attenderet,
597 2491 656 2580 (et)
674 2495 793 2562 (inmiti
809 2495 925 2562 Niccle
942 2502 974 2562 et
999 2493 1093 2560 fratri
1118 2492 1202 2559 eins-

86 2597 164 2666 ciem
179 2618 246 2666 non
262 2602 457 2670 obseruarct
466 2655 475 2688 ,
492 2613 604 2670 notam
620 2605 755 2690 perjurii
771 2605 915 2672 incurret
931 2606 1003 2688 ipso
1020 2602 1120 2670 facto.
1136 2604 1202 2669 Da·

83 2715 151 2775 tum
171 2707 203 2774 in
220 2711 336 2797 vigilia
351 2713 538 2798 Epiphanio
561 2714 694 2781 Domini
719 2735 806 2780 anno
832 2713 977 2782 eiusdem
992 2711 1043 2780 M⁰
1058 2709 1129 2777 00⁰
1144 2730 1200 2776 no-

83 2819 257 2901 nagesimo
274 2822 396 2906 quinto.

292 3039 439 3110 (Eredetie
452 3037 564 3116 ztgrte
577 3058 617 3097 sz.
631 3043 659 3099 k.
674 3039 758 3100 varos
772 3038 994 3110 revertentes.)

141 4781 239 4828 10101.
249 4783 330 4825 EURG.
340 4783 405 4825 mse.
414 4803 442 4813 -
450 4785 518 4826 mrn
533 4781 565 4826 1⁰.
