3072 5168
586 343 628 408 97

55 541 135 603 etum
150 543 268 604 terrum
277 538 405 624 Mysrer
421 544 572 608 uocatam
582 561 655 608 eum
672 538 820 609 omuibus
838 539 1030 608 utilitatibus
1046 541 1114 606 suis
1130 543 1164 605 et

54 644 260 732 pertineneijs
286 646 355 712 suis
372 645 533 714 uniuersis
560 649 620 715 sub
637 648 761 716 eisdem
778 650 873 716 metis
891 655 923 716 et
947 647 1113 730 terminis,
1130 647 1163 712 in

55 756 160 837 quibus
184 774 245 839 per
270 753 394 838 priores
410 774 621 839 possessores
647 755 797 826 habitata
823 756 930 824 extitit
945 763 978 822 et
997 772 1163 841 possesse,

55 861 92 926 de
107 863 218 946 greeie
234 863 373 947 speeiali
388 865 559 948 sepedicto
575 865 683 933 villiee
708 871 818 931 nostro
844 865 1037 934 Posoniensi
1062 874 1095 931 et
1111 883 1163 931 eo·

55 989 118 1034 rurn
135 968 219 1056 (igy)
236 970 421 1059 heredibus,
438 974 659 1058 heredumque
675 994 805 1042 suorum
830 975 1070 1042 suecessoribus
1095 974 1162 1040 vni-

60 1077 171 1162 uersis‚
198 1077 366 1164 dedimus,
392 1081 586 1150 donnuimns
603 1090 635 1150 et
652 1083 846 1150 eontuiimue
865 1084 940 1168 jure
960 1089 1115 1169 perpetuo
1132 1088 1165 1148 et

57 1187 310 1258 irreuoeebiliter
324 1190 558 1274 possidendum
569 1197 602 1258 et
618 1190 804 1279 tenendam.
820 1192 858 1258 In
874 1192 966 1260 euius
983 1194 1030 1259 rei
1045 1210 1161 1258 memo·

57 1297 130 1364 rium
144 1306 400 1385 perpetuamque
411 1299 596 1367 firmitatem
612 1307 782 1386 presentes
799 1299 1020 1370 oouoessimus
1036 1301 1165 1368 litterae

59 1403 186 1489 duplieis
204 1404 308 1492 sigilii
325 1406 428 1473 nostri
445 1406 620 1472 munimine
640 1407 823 1474 roboratae.
839 1405 960 1473 Datum
976 1425 1035 1492 per
1049 1427 1165 1474 munus

58 1511 179 1580 disereti
205 1514 267 1580 viri
291 1515 441 1599 magistri
467 1513 631 1582 Theoddri
646 1514 801 1582 Albensis
826 1515 975 1582 lieelesie
1001 1515 1165 1599 Prepositi

58 1622 125 1688 aule
139 1627 247 1689 nostre
258 1621 534 1691 vieeuuneeltari
551 1619 637 1711 (igy)
649 1621 760 1690 dileoti
776 1629 810 1689 et
824 1622 931 1690 tidelis
941 1625 1053 1691 nostri.
1070 1627 1164 1692 Anno

58 1728 180 1796 Domini
196 1729 244 1794 Μο
261 1728 330 1798 00⁰
345 1729 559 1816 nonogesimo
576 1739 701 1816 quarto,
716 1731 822 1816 Regni
836 1737 944 1798 eutem
960 1733 1062 1799 nostri
1079 1751 1165 1800 anno

59 1849 174 1921 quarto.

60 2032 162 2104 (Kiirre
175 2053 193 2090 n
212 2034 494 2107 poueonykdptaleni
516 2035 651 2106 orendgoe
674 2033 856 2092 levdltdrnek
879 2035 975 2108 Cepse
992 2035 1069 2092 XlV.
1083 2035 1166 2092 Fuso.

61 2125 98 2182 12.
110 2125 163 2194 o-ik
177 2123 334 2194 sudmtbdl‚
347 2126 481 2198 melyben
496 2123 582 2196 dtirjn
595 2143 628 2180 eu
641 2125 768 2182 olriretot
781 2141 895 2196 ugynne
909 2125 1047 2181 Herculio
1061 2125 1164 2198 „Iudex

61 2213 181 2274 ciuiuus
200 2214 323 2274 Poson.‘¹
342 2214 509 2272 kdrdsdrea
528 2217 667 2287 poueonyi
686 2213 843 2288 luriptelen3
858 2218 1034 2289 „predictum
1052 2215 1167 2289 priuile-

59 2307 126 2378 gium
138 2325 194 2362 non
208 2306 349 2378 abrasum,
369 2323 427 2362 non
440 2305 640 2377 cancellatum,
654 2323 705 2361 nee
716 2305 746 2360 in
759 2305 857 2378 eliqua
867 2309 911 2362 sui
924 2313 1006 2378 perte
1020 2305 1166 2376 uitiatum,

61 2395 91 2450 de
103 2396 185 2452 uerbo
199 2397 236 2453 ad
259 2396 377 2452 uerbum
391 2399 496 2452 nostris
509 2398 613 2452 litteris
635 2394 864 2468 priuilegielibne
882 2397 968 2452 inseri
982 2395 1109 2466 fecimus,
1120 2413 1167 2450 no-

60 2477 116 2542 stro
125 2487 217 2561 sigilio
229 2487 400 2560 sigillantes.
410 2489 518 2544 Datum
529 2487 559 2542 in
573 2489 683 2542 uotonis
693 2484 860 2544 Natiuitatis
869 2485 906 2544 Β.
916 2486 934 2541 J
937 2486 1059 2544 ohannis
1070 2484 1167 2556 Bapti-
1279 2503 1284 2514 ·

62 2586 107 2632 ste.
118 2575 184 2648 (dui.
194 2573 232 2648 l.)
247 2596 323 2635 enno
336 2578 419 2634 Dom.
434 2579 475 2633 Μὓ
489 2575 676 2634 decressere.
690 2575 821 2650 Hdrtydn
834 2575 905 2646 irre,
920 2576 999 2649 nljen
1012 2575 1047 2630 A.
1059 2574 1092 2638 B·
1105 2575 1137 2630 C.
1150 2593 1168 2631 u

61 2667 117 2740 meg
128 2665 161 2741 dp
174 2668 273 2740 peesdt
284 2673 369 2725 rdrds
380 2667 459 2725 feher
472 2669 601 2739 selymen
611 2664 689 2743 flrgg.
702 2667 730 2722 A
742 2666 831 2739 zdrjei
843 2667 923 2726 konti
936 2666 1045 2725 sueretu
1059 2682 1093 2722 nu
1108 2677 1166 2720 ere-

321 2783 324 2792 ·
397 2759 505 2817 detibd'l
517 2758 696 2831 kitepetvdk.
712 2760 830 2825 Kame.)

114 4791 210 4837 ΙΟΙΠΙ.
219 4791 301 4834 mii·
310 4789 378 4833 meu.
388 4791 456 4833 ΜΗ.
467 4783 536 4830 -10,
