3094 5168
627 951 703 1020 122:

94 1151 160 1214 III.
178 1150 288 1215 Fatum
302 1149 409 1238 loirdly
426 1151 520 1215 Potor
535 1147 614 1237 prof
625 1152 774 1236 ke'rdsdre,
792 1155 823 1216 ea
839 1153 1000 1218 teloiutetbe
1025 1157 1096 1220 adue
1121 1159 1221 1223 canale

94 1256 174 1322 tadi
190 1261 334 1345 ereayeit,
351 1262 453 1345 dtirjcc
469 1261 686 1346 esmepecdetti
699 1259 848 1326 Demeter
856 1265 1011 1348 pozaoayi
1019 1262 1220 1349 fdiapdooole

153 1365 265 1433 Semta
278 1367 440 1432 birtoledro
455 1367 626 1432 meaecozd
641 1389 748 1453 upyao
764 1369 902 1433 raes-tt
916 1369 1041 1435 edocet.
1063 1373 1160 1440 1298.

203 1564 356 1632 Andreas
366 1565 429 1633 Dei
439 1565 554 1652 gracia
565 1565 745 1649 Hungarie,
759 1565 937 1650 Dalmaoie,
949 1566 1095 1652 Oroacie,
1106 1570 1218 1657 Reme,

94 1673 219 1758 Seruis,
237 1673 384 1757 Gallicis,
396 1673 600 1758 Lodomerie,
617 1675 783 1758 comanis,
800 1674 1019 1761 Bulgarieque
1034 1679 1217 1748 Rexomni·

94 1785 154 1852 bue
171 1784 294 1852 Christi
321 1782 470 1852 fidelibus
490 1803 627 1868 presens
643 1787 799 1871 seriptum
816 1785 1012 1868 inspecturis
1029 1788 1167 1856 salutem
1183 1789 1218 1856 in

94 1915 142 1976 eo,
162 1893 217 1977 qui
234 1900 283 1961 est
299 1893 389 1960 salus
406 1899 439 1960 et
457 1893 535 1958 uita.
563 1895 626 1960 Pro
643 1893 768 1961 meritis
795 1893 993 1962 subditorum
1010 1895 1113 1982 Regis
1130 1893 1217 1986 (igy)

93 2001 290 2071 Sublimitas
307 2004 434 2087 apicem
447 2003 603 2069 conuenit
620 2003 778 2072 inclinare
795 2002 923 2070 bellicis
939 2001 1112 2074 sudoribus
1127 2006 1217 2073 dam·

92 2107 245 2195 psillitati
261 2105 348 2197 (lgy)
365 2110 498 2192 Regalis
515 2111 627 2195 gracie
645 2109 854 2176 occurrendo.
871 2109 1011 2178 Proinde
1028 2112 1073 2181 ad
1089 2113 1217 2182 uniuer-

91 2237 200 2285 sorum
215 2225 282 2284 tam
293 2219 510 2304 presencium,
528 2236 624 2300 quam
640 2219 817 2285 futurorum
830 2219 983 2286 noticiam
999 2219 1116 2288 harum
1132 2224 1217 2291 serie

93 2327 243 2394 volumus
259 2327 442 2412 peruenire,
459 2325 547 2410 quod
557 2325 677 2394 nobilis
690 2327 737 2392 vir
749 2327 866 2392 Comes
881 2328 998 2396 Petrus
1015 2327 1101 2399 filius
1118 2329 1216 2398 Thul-

91 2455 158 2524 uoy
178 2437 221 2502 de
232 2433 396 2502 Gomitatu
405 2437 603 2502 Posoniensi
612 2434 656 2500 ad
667 2442 813 2502 nostram
827 2436 990 2504 accedens
1001 2440 1215 2527 presenciam,

91 2544 217 2612 exibuit
234 2539 320 2630 (igy)
337 2543 432 2610 nobis
449 2549 600 2628 patentes
617 2544 748 2610 litteras
764 2545 915 2632 magistri
934 2547 1093 2634 Demetrij
1112 2548 1217 2617 Comi·

91 2655 132 2721 tis
149 2654 192 2720 de
208 2654 351 2720 Posonio
377 2660 410 2720 et
437 2653 479 2722 de
505 2653 662 2741 Zoulum,
680 2655 798 2740 petiuit
814 2677 875 2723 nos
892 2677 963 2724 eum
989 2659 1164 2742 instancia,
1181 2667 1217 2726 ut

90 2761 183 2847 ipsas
199 2763 327 2832 litteras
338 2769 429 2829 ratas
441 2763 604 2830 habentes
616 2769 649 2830 et
666 2771 822 2852 acceptas
834 2766 875 2832 de
891 2765 1094 2848 benignitate
1110 2767 1215 2853 Regia

92 2879 201 2937 nostro
218 2871 429 2957 dignaremur
441 2871 615 2958 priuilegio
633 2870 833 2940 confirmare.
851 2873 992 2952 Quarum
1009 2872 1141 2957 quidem
1158 2895 1214 2961 pa-

91 2979 232 3047 tenelum
249 2981 429 3047 litterarum
448 2989 543 3046 tenor
559 2980 636 3048 talis
654 2988 704 3048 est
721 3007 728 3046 :

196 3091 267 3155 Nos
283 3090 441 3174 Magister
456 3089 644 3158 Demetrius
661 3090 722 3155 stb.
740 3085 825 3177 (mint
840 3097 925 3153 alobb
945 3099 1016 3156 134.
1035 3117 1072 3153 sc.
1089 3089 1130 3176 a.)

197 3198 267 3264 Nos
283 3198 382 3283 igitur
407 3199 502 3266 iustis
519 3199 738 3284 peticionibus
755 3199 893 3283 predicti
914 3199 1047 3266 Comitis
1063 3199 1150 3267 Petri
1166 3200 1213 3267 la

92 3305 281 3373 notabiliter
306 3303 474 3390 inclinati,
501 3308 592 3392 ipsas
608 3306 735 3374 litteras
755 3327 822 3372 non
839 3308 988 3391 abrasas,
1005 3326 1070 3374 non
1086 3308 1214 3377 canoel·

92 3416 188 3492 latas,
206 3436 268 3484 nec
284 3417 396 3498 aliqua
413 3417 463 3482 sui
483 3425 578 3502 parte
598 3417 755 3503 violatas,
782 3416 824 3481 de
840 3419 939 3485 uerbo
956 3416 999 3482 ad
1016 3416 1150 3484 uerbum
1165 3417 1214 3486 in·

91 3529 154 3594 seri
168 3527 305 3594 fecimus
316 3577 325 3611 ,
343 3527 538 3594 auctoritate
558 3526 763 3612 presencium
784 3526 936 3596 duximus
963 3524 1213 3598 confirmandas.

93 3635 383 3720 Consideratisque
409 3635 619 3703 fidelitatibus
637 3643 669 3702 et
685 3636 897 3704 seruiciorum
924 3635 1048 3704 meritis
1073 3637 1213 3724 predicti

91 3743 225 3811 Comitis
235 3745 336 3829 Petri,
353 3763 416 3826 que
432 3745 529 3812 nobis
546 3745 577 3808 in
595 3744 735 3812 diuersis
752 3746 857 3831 Regni
874 3747 977 3813 nostri
993 3746 1213 3833 expedicioni·

91 3855 150 3920 bns
167 3873 299 3940 semper
316 3861 349 3922 et
360 3851 480 3938 ubique
500 3874 573 3920 oum
592 3855 679 3922 omni
696 3853 825 3922 feruore
842 3855 1010 3922 fidelitatis
1027 3854 1173 3922 exhibuit
1181 3863 1215 3922 et

92 3962 260 4048 impendit,
288 3969 321 4029 et
336 3963 525 4050 specialiter
541 3983 613 4029 cum
638 3983 698 4032 nos
715 3962 910 4046 magistrum
936 3964 1134 4032 Demetrium
1155 3967 1214 4034 Go-

94 4071 202 4138 mitem
218 4071 261 4139 de
277 4073 419 4139 Posonio
435 4082 468 4139 et
484 4071 524 4139 de
536 4071 671 4140 Zoulum
687 4077 802 4140 eontra
818 4072 981 4140 dominum
993 4071 1142 4139 Adollum
1152 4073 1213 4140 Re-

94 4199 166 4265 gem
182 4181 400 4248 Romanorum
419 4200 560 4248 vnaeum
580 4180 712 4248 domino
728 4181 865 4248 Alberto
882 4187 959 4250 tunc
974 4183 1066 4250 Duce
1082 4181 1213 4250 Austrie
1340 4251 1342 4262 ,

93 4294 124 4353 et
138 4289 248 4378 Styrie
264 4287 479 4374 misissemus,
492 4287 548 4354 ubi
558 4289 644 4356 idem
654 4289 773 4357 Petrus
797 4288 1008 4359 laudabiliter
1025 4286 1212 4358 dimicando

93 4400 231 4480 quinque
247 4397 424 4467 nobiliores
442 4406 474 4466 et
484 4397 735 4485 sollempniores
751 4397 873 4467 milites
889 4400 1082 4486 captiuauit,
1098 4407 1132 4467 et
1147 4400 1210 4466 duo

94 4504 204 4572 letalia
220 4509 351 4593 excepit
371 4508 505 4593 ulnera,
524 4510 612 4592 quod
628 4510 722 4577 nobis
739 4527 798 4594 per
814 4508 1015 4577 relacionem
1031 4506 1210 4576 ueridieam

93 4613 233 4682 eiusdem
243 4616 395 4704 magistri
404 4618 564 4705 Demetrij
576 4617 719 4686 seriatim
730 4614 837 4686 extitit
848 4616 1034 4705 euidenter;
1051 4635 1110 4704 pro
1120 4615 1209 4684 dam-
