<?xml version="1.0" encoding="UTF-8"?>
<!DOCTYPE html PUBLIC "-//W3C//DTD XHTML 1.0 Transitional//EN"
    "http://www.w3.org/TR/xhtml1/DTD/xhtml1-transitional.dtd">
<html xmlns="http://www.w3.org/1999/xhtml" xml:lang="en" lang="en">
 <head>
  <title>
</title>
<meta http-equiv="Content-Type" content="text/html;charset=utf-8" />
  <meta name='ocr-system' content='tesseract 3.04.00' />
  <meta name='ocr-capabilities' content='ocr_page ocr_carea ocr_par ocr_line ocrx_word'/>
</head>
<body>
  <div class='ocr_page' id='page_1' title='image "./codexdiplomatic16wenzgoog_0084.png"; bbox 0 0 3144 5180; ppageno 0'>
   <div class='ocr_carea' id='block_1_1' title="bbox 113 1339 1383 1864">
    <p class='ocr_par' dir='ltr' id='par_1_1' title="bbox 115 1339 1383 1448">
     <span class='ocr_line' id='line_1_1' title="bbox 115 1339 1383 1448; baseline 0.021 -44"><span class='ocrx_word' id='word_1_1' title='bbox 115 1339 223 1404; x_wconf 74' lang='lat' dir='ltr'>Jonas</span> <span class='ocrx_word' id='word_1_2' title='bbox 237 1342 387 1428; x_wconf 75' lang='lat' dir='ltr'>possonya‘</span> <span class='ocrx_word' id='word_1_3' title='bbox 402 1342 594 1432; x_wconf 71' lang='lat' dir='ltr'>odry&#39;obbdpy</span> <span class='ocrx_word' id='word_1_4' title='bbox 604 1368 625 1409; x_wconf 88' lang='lat' dir='ltr'>a</span> <span class='ocrx_word' id='word_1_5' title='bbox 640 1347 937 1435; x_wconf 75' lang='lat' dir='ltr'>kirdlylyolrilberi</span> <span class='ocrx_word' id='word_1_6' title='bbox 947 1358 1103 1422; x_wconf 68' lang='lat' dir='ltr'>unuslaisi</span> <span class='ocrx_word' id='word_1_7' title='bbox 1117 1357 1243 1448; x_wconf 59' lang='lat' dir='ltr'>haereo</span> <span class='ocrx_word' id='word_1_8' title='bbox 1381 1350 1383 1354; x_wconf 10' lang='grc' dir='ltr'><em>Α</em></span> 
     </span>
    </p>

    <p class='ocr_par' dir='ltr' id='par_1_2' title="bbox 115 1446 1243 1551">
     <span class='ocr_line' id='line_1_2' title="bbox 115 1446 1243 1551; baseline 0.021 -41"><span class='ocrx_word' id='word_1_9' title='bbox 115 1446 201 1510; x_wconf 78' lang='lat' dir='ltr'>allen</span> <span class='ocrx_word' id='word_1_10' title='bbox 217 1449 306 1513; x_wconf 80' lang='lat' dir='ltr'>silero</span> <span class='ocrx_word' id='word_1_11' title='bbox 322 1449 486 1535; x_wconf 70' lang='lat' dir='ltr'>ancillarius,</span> <span class='ocrx_word' id='word_1_12' title='bbox 510 1463 596 1516; x_wconf 84' lang='lat' dir='ltr'>asota</span> <span class='ocrx_word' id='word_1_13' title='bbox 613 1451 686 1519; x_wconf 77' lang='lat' dir='ltr'>alta</span> <span class='ocrx_word' id='word_1_14' title='bbox 702 1478 722 1517; x_wconf 90' lang='lat' dir='ltr'>a</span> <span class='ocrx_word' id='word_1_15' title='bbox 746 1469 947 1543; x_wconf 75' lang='lat' dir='ltr'>mopseoozett</span> <span class='ocrx_word' id='word_1_16' title='bbox 972 1465 1069 1528; x_wconf 75' lang='lat' dir='ltr'>teotolo</span> <span class='ocrx_word' id='word_1_17' title='bbox 1085 1468 1243 1551; x_wconf 65' lang='lat' dir='ltr'>joleolete-</span> 
     </span>
    </p>

    <p class='ocr_par' dir='ltr' id='par_1_3' title="bbox 113 1553 1242 1660">
     <span class='ocr_line' id='line_1_3' title="bbox 113 1553 1242 1660; baseline 0.021 -43"><span class='ocrx_word' id='word_1_18' title='bbox 113 1553 175 1618; x_wconf 79' lang='lat' dir='ltr'>bers</span> <span class='ocrx_word' id='word_1_19' title='bbox 199 1554 356 1642; x_wconf 77' lang='lat' dir='ltr'>bouolljo,</span> <span class='ocrx_word' id='word_1_20' title='bbox 392 1558 472 1644; x_wconf 69' lang='lat' dir='ltr'>kopp</span> <span class='ocrx_word' id='word_1_21' title='bbox 501 1559 606 1623; x_wconf 81' lang='lat' dir='ltr'>Ttlrno</span> <span class='ocrx_word' id='word_1_22' title='bbox 637 1562 773 1628; x_wconf 75' lang='lat' dir='ltr'>lirtolcoe</span> <span class='ocrx_word' id='word_1_23' title='bbox 799 1588 820 1627; x_wconf 87' lang='grc' dir='ltr'><em>α</em></span> <span class='ocrx_word' id='word_1_24' title='bbox 842 1571 996 1654; x_wconf 72' lang='lat' dir='ltr'>poasonys‘</span> <span class='ocrx_word' id='word_1_25' title='bbox 1015 1571 1242 1660; x_wconf 71' lang='lat' dir='ltr'>flieyyhdzrrolr</span> 
     </span>
    </p>

    <p class='ocr_par' dir='ltr' id='par_1_4' title="bbox 115 1663 1243 1864">
     <span class='ocr_line' id='line_1_4' title="bbox 115 1663 1243 1764; baseline 0.022 -39"><span class='ocrx_word' id='word_1_26' title='bbox 115 1663 364 1751; x_wconf 78' lang='lat' dir='ltr'>adomdnyozzo.</span> <span class='ocrx_word' id='word_1_27' title='bbox 391 1665 535 1731; x_wconf 77' lang='lat' dir='ltr'>Atanok</span> <span class='ocrx_word' id='word_1_28' title='bbox 560 1668 749 1736; x_wconf 80' lang='lat' dir='ltr'>vallomo&#39;sdt</span> <span class='ocrx_word' id='word_1_29' title='bbox 765 1672 909 1738; x_wconf 69' lang='lat' dir='ltr'>tritoleaon</span> <span class='ocrx_word' id='word_1_30' title='bbox 936 1676 1050 1764; x_wconf 80' lang='lat' dir='ltr'>leiadjo</span> <span class='ocrx_word' id='word_1_31' title='bbox 1074 1702 1113 1744; x_wconf 81' lang='lat' dir='ltr'>oz</span> <span class='ocrx_word' id='word_1_32' title='bbox 1137 1695 1243 1749; x_wconf 75' lang='lat' dir='ltr'>azlor-</span> 
     </span>
     <span class='ocr_line' id='line_1_5' title="bbox 485 1777 873 1864; baseline 0.021 -25"><span class='ocrx_word' id='word_1_33' title='bbox 485 1777 569 1862; x_wconf 77' lang='lat' dir='ltr'>9omi</span> <span class='ocrx_word' id='word_1_34' title='bbox 586 1778 749 1864; x_wconf 76' lang='lat' dir='ltr'>kdploloo&#39;.</span> <span class='ocrx_word' id='word_1_35' title='bbox 776 1783 873 1846; x_wconf 82' lang='lat'><strong><em>1291.</em></strong></span> 
     </span>
    </p>
   </div>
   <div class='ocr_carea' id='block_1_2' title="bbox 516 2049 848 2120">
    <p class='ocr_par' dir='ltr' id='par_1_5' title="bbox 516 2049 848 2120">
     <span class='ocr_line' id='line_1_6' title="bbox 516 2049 848 2120; baseline 0.006 -2"><span class='ocrx_word' id='word_1_36' title='bbox 516 2052 555 2118; x_wconf 76' lang='lat' dir='ltr'>A.</span> <span class='ocrx_word' id='word_1_37' title='bbox 665 2051 702 2118; x_wconf 87' lang='lat' dir='ltr'>B.</span> <span class='ocrx_word' id='word_1_38' title='bbox 811 2049 848 2120; x_wconf 80' lang='lat' dir='ltr'>G.</span> 
     </span>
    </p>
   </div>
   <div class='ocr_carea' id='block_1_3' title="bbox 116 2280 1246 4664">
    <p class='ocr_par' dir='ltr' id='par_1_6' title="bbox 116 2280 1246 4664">
     <span class='ocr_line' id='line_1_7' title="bbox 228 2280 1244 2376; baseline 0.015 -28"><span class='ocrx_word' id='word_1_39' title='bbox 228 2280 399 2354; x_wconf 86' lang='lat' dir='ltr'>Uniuarsis</span> <span class='ocrx_word' id='word_1_40' title='bbox 414 2290 588 2372; x_wconf 77' lang='lat' dir='ltr'>presentes</span> <span class='ocrx_word' id='word_1_41' title='bbox 615 2286 742 2353; x_wconf 90' lang='lat' dir='ltr'>litteras</span> <span class='ocrx_word' id='word_1_42' title='bbox 758 2288 959 2374; x_wconf 79' lang='lat' dir='ltr'>inspeoturis</span> <span class='ocrx_word' id='word_1_43' title='bbox 975 2289 1163 2376; x_wconf 72' lang='lat' dir='ltr'><strong>Capitulum</strong></span> <span class='ocrx_word' id='word_1_44' title='bbox 1182 2295 1244 2363; x_wconf 81' lang='lat' dir='ltr'>Ee-</span> 
     </span>
     <span class='ocr_line' id='line_1_8' title="bbox 119 2391 1244 2484; baseline 0.011 -24"><span class='ocrx_word' id='word_1_45' title='bbox 119 2393 225 2461; x_wconf 88' lang='lat' dir='ltr'>elesie</span> <span class='ocrx_word' id='word_1_46' title='bbox 240 2391 474 2479; x_wconf 74' lang='lat' dir='ltr'>strigoniensis</span> <span class='ocrx_word' id='word_1_47' title='bbox 485 2395 625 2464; x_wconf 87' lang='lat' dir='ltr'>salutem</span> <span class='ocrx_word' id='word_1_48' title='bbox 641 2396 675 2462; x_wconf 89' lang='lat' dir='ltr'>in</span> <span class='ocrx_word' id='word_1_49' title='bbox 690 2397 830 2466; x_wconf 91' lang='lat' dir='ltr'>Domino</span> <span class='ocrx_word' id='word_1_50' title='bbox 847 2399 1087 2484; x_wconf 88' lang='lat' dir='ltr'>sempiternam.</span> <span class='ocrx_word' id='word_1_51' title='bbox 1105 2403 1244 2471; x_wconf 83' lang='lat' dir='ltr'>Vniuer-</span> 
     </span>
     <span class='ocr_line' id='line_1_9' title="bbox 118 2503 1246 2591; baseline 0.009 -20"><span class='ocrx_word' id='word_1_52' title='bbox 118 2523 229 2572; x_wconf 89' lang='lat' dir='ltr'>sorum</span> <span class='ocrx_word' id='word_1_53' title='bbox 256 2503 378 2570; x_wconf 84' lang='lat' dir='ltr'>uotiuis</span> <span class='ocrx_word' id='word_1_54' title='bbox 402 2511 516 2573; x_wconf 89' lang='lat' dir='ltr'>tenore</span> <span class='ocrx_word' id='word_1_55' title='bbox 539 2506 745 2591; x_wconf 79' lang='lat' dir='ltr'>presencium</span> <span class='ocrx_word' id='word_1_56' title='bbox 762 2504 1004 2591; x_wconf 75' lang='lat' dir='ltr'>significamus,</span> <span class='ocrx_word' id='word_1_57' title='bbox 1036 2509 1123 2579; x_wconf 88' lang='lat' dir='ltr'>viros</span> <span class='ocrx_word' id='word_1_58' title='bbox 1150 2529 1246 2580; x_wconf 86' lang='lat' dir='ltr'>vene·</span> 
     </span>
     <span class='ocr_line' id='line_1_10' title="bbox 117 2610 1246 2699; baseline 0.007 -19"><span class='ocrx_word' id='word_1_59' title='bbox 117 2613 243 2680; x_wconf 89' lang='lat' dir='ltr'>rabiles</span> <span class='ocrx_word' id='word_1_60' title='bbox 259 2620 294 2680; x_wconf 89' lang='lat' dir='ltr'>et</span> <span class='ocrx_word' id='word_1_61' title='bbox 308 2611 488 2688; x_wconf 79' lang='lat' dir='ltr'>discretos,</span> <span class='ocrx_word' id='word_1_62' title='bbox 514 2610 664 2680; x_wconf 86' lang='lat' dir='ltr'>dominos</span> <span class='ocrx_word' id='word_1_63' title='bbox 681 2619 714 2680; x_wconf 87' lang='lat' dir='ltr'>et</span> <span class='ocrx_word' id='word_1_64' title='bbox 730 2615 907 2699; x_wconf 88' lang='lat' dir='ltr'>magistros</span> <span class='ocrx_word' id='word_1_65' title='bbox 933 2615 1070 2684; x_wconf 87' lang='lat' dir='ltr'>Paulum</span> <span class='ocrx_word' id='word_1_66' title='bbox 1087 2619 1246 2690; x_wconf 85' lang='lat' dir='ltr'>videlieet</span> 
     </span>
     <span class='ocr_line' id='line_1_11' title="bbox 117 2722 1243 2814; baseline 0.006 -25"><span class='ocrx_word' id='word_1_67' title='bbox 117 2723 327 2808; x_wconf 74' lang='lat' dir='ltr'>Propositum</span> <span class='ocrx_word' id='word_1_68' title='bbox 342 2722 613 2810; x_wconf 74' lang='lat' dir='ltr'>strigoniensem,</span> <span class='ocrx_word' id='word_1_69' title='bbox 630 2725 755 2809; x_wconf 81' lang='lat' dir='ltr'>Legum</span> <span class='ocrx_word' id='word_1_70' title='bbox 770 2724 951 2793; x_wconf 82' lang='lat' dir='ltr'>Ductorem</span> <span class='ocrx_word' id='word_1_71' title='bbox 967 2733 1001 2794; x_wconf 89' lang='lat' dir='ltr'>et</span> <span class='ocrx_word' id='word_1_72' title='bbox 1017 2728 1243 2814; x_wconf 85' lang='lat' dir='ltr'>Amministra-</span> 
     </span>
     <span class='ocr_line' id='line_1_12' title="bbox 117 2832 1244 2922; baseline 0.008 -25"><span class='ocrx_word' id='word_1_73' title='bbox 117 2839 225 2898; x_wconf 90' lang='lat' dir='ltr'>torem</span> <span class='ocrx_word' id='word_1_74' title='bbox 240 2832 624 2916; x_wconf 82' lang='lat' dir='ltr'>Quinqueeeelesiensem</span> <span class='ocrx_word' id='word_1_75' title='bbox 648 2832 683 2900; x_wconf 91' lang='lat' dir='ltr'>in</span> <span class='ocrx_word' id='word_1_76' title='bbox 700 2832 925 2916; x_wconf 76' lang='lat' dir='ltr'>spiritualibus</span> <span class='ocrx_word' id='word_1_77' title='bbox 951 2842 985 2902; x_wconf 88' lang='lat' dir='ltr'>et</span> <span class='ocrx_word' id='word_1_78' title='bbox 1010 2839 1244 2922; x_wconf 83' lang='lat' dir='ltr'>temporalibus</span> 
     </span>
     <span class='ocr_line' id='line_1_13' title="bbox 117 2942 1243 3031; baseline 0.003 -20"><span class='ocrx_word' id='word_1_79' title='bbox 117 2944 329 3031; x_wconf 87' lang='lat' dir='ltr'>generalem,</span> <span class='ocrx_word' id='word_1_80' title='bbox 354 2943 514 3012; x_wconf 85' lang='lat' dir='ltr'>Jaoobum</span> <span class='ocrx_word' id='word_1_81' title='bbox 531 2942 849 3017; x_wconf 81' lang='lat' dir='ltr'>Oumarumiensem,</span> <span class='ocrx_word' id='word_1_82' title='bbox 876 2950 910 3009; x_wconf 86' lang='lat' dir='ltr'>ot</span> <span class='ocrx_word' id='word_1_83' title='bbox 925 2944 1119 3027; x_wconf 83' lang='lat' dir='ltr'>Ladirlaum</span> <span class='ocrx_word' id='word_1_84' title='bbox 1134 2948 1243 3014; x_wconf 90' lang='lat' dir='ltr'>Borsi-</span> 
     </span>
     <span class='ocr_line' id='line_1_14' title="bbox 116 3053 1245 3140; baseline -0.001 -16"><span class='ocrx_word' id='word_1_85' title='bbox 116 3075 244 3140; x_wconf 87' lang='lat' dir='ltr'>ousem,</span> <span class='ocrx_word' id='word_1_86' title='bbox 261 3061 295 3122; x_wconf 88' lang='lat' dir='ltr'>et</span> <span class='ocrx_word' id='word_1_87' title='bbox 309 3053 472 3124; x_wconf 83' lang='lat' dir='ltr'>Andrean</span> <span class='ocrx_word' id='word_1_88' title='bbox 489 3073 530 3121; x_wconf 87' lang='lat' dir='ltr'>ao</span> <span class='ocrx_word' id='word_1_89' title='bbox 546 3053 773 3136; x_wconf 71' lang='lat' dir='ltr'>taurencium,</span> <span class='ocrx_word' id='word_1_90' title='bbox 789 3053 984 3122; x_wconf 85' lang='lat' dir='ltr'>karissimos</span> <span class='ocrx_word' id='word_1_91' title='bbox 1001 3057 1108 3126; x_wconf 84' lang='lat' dir='ltr'>sorios</span> <span class='ocrx_word' id='word_1_92' title='bbox 1124 3063 1157 3124; x_wconf 91' lang='lat' dir='ltr'>et</span> <span class='ocrx_word' id='word_1_93' title='bbox 1172 3075 1245 3124; x_wconf 90' lang='lat' dir='ltr'>eon·</span> 
     </span>
     <span class='ocr_line' id='line_1_15' title="bbox 118 3160 1242 3250; baseline -0.001 -16"><span class='ocrx_word' id='word_1_94' title='bbox 118 3163 300 3234; x_wconf 89' lang='lat' dir='ltr'>eanonieos</span> <span class='ocrx_word' id='word_1_95' title='bbox 327 3167 457 3228; x_wconf 88' lang='lat' dir='ltr'>nostros</span> <span class='ocrx_word' id='word_1_96' title='bbox 482 3161 517 3226; x_wconf 92' lang='lat' dir='ltr'>in</span> <span class='ocrx_word' id='word_1_97' title='bbox 533 3160 640 3230; x_wconf 92' lang='lat' dir='ltr'>medio</span> <span class='ocrx_word' id='word_1_98' title='bbox 665 3162 770 3230; x_wconf 88' lang='lat' dir='ltr'>nostri</span> <span class='ocrx_word' id='word_1_99' title='bbox 795 3165 1014 3247; x_wconf 86' lang='lat' dir='ltr'>personaliter</span> <span class='ocrx_word' id='word_1_100' title='bbox 1039 3167 1242 3250; x_wconf 74' lang='lat' dir='ltr'>constitutos,</span> 
     </span>
     <span class='ocr_line' id='line_1_16' title="bbox 118 3269 1244 3360; baseline 0 -18"><span class='ocrx_word' id='word_1_101' title='bbox 118 3273 287 3342; x_wconf 83' lang='lat' dir='ltr'>Andream</span> <span class='ocrx_word' id='word_1_102' title='bbox 304 3270 448 3338; x_wconf 85' lang='lat' dir='ltr'>mobilem</span> <span class='ocrx_word' id='word_1_103' title='bbox 465 3269 506 3336; x_wconf 88' lang='lat' dir='ltr'>de</span> <span class='ocrx_word' id='word_1_104' title='bbox 532 3271 629 3356; x_wconf 81' lang='lat' dir='ltr'>Aylra</span> <span class='ocrx_word' id='word_1_105' title='bbox 645 3270 830 3340; x_wconf 85' lang='lat' dir='ltr'>Palatinum</span> <span class='ocrx_word' id='word_1_106' title='bbox 849 3270 949 3339; x_wconf 82' lang='lat' dir='ltr'>(lurie</span> <span class='ocrx_word' id='word_1_107' title='bbox 971 3274 1172 3341; x_wconf 86' lang='lat' dir='ltr'>venerabilis</span> <span class='ocrx_word' id='word_1_108' title='bbox 1189 3295 1244 3360; x_wconf 88' lang='lat' dir='ltr'>pa-</span> 
     </span>
     <span class='ocr_line' id='line_1_17' title="bbox 118 3377 1244 3467; baseline 0 -19"><span class='ocrx_word' id='word_1_109' title='bbox 118 3385 192 3467; x_wconf 87' lang='lat' dir='ltr'>tris,</span> <span class='ocrx_word' id='word_1_110' title='bbox 208 3381 334 3450; x_wconf 88' lang='lat' dir='ltr'>domiui</span> <span class='ocrx_word' id='word_1_111' title='bbox 349 3378 454 3446; x_wconf 87' lang='lat' dir='ltr'>nostri</span> <span class='ocrx_word' id='word_1_112' title='bbox 478 3377 601 3448; x_wconf 87' lang='lat' dir='ltr'>domini</span> <span class='ocrx_word' id='word_1_113' title='bbox 616 3378 802 3467; x_wconf 87' lang='lat' dir='ltr'>Lodomerij</span> <span class='ocrx_word' id='word_1_114' title='bbox 819 3380 1054 3466; x_wconf 86' lang='lat' dir='ltr'>Strigoniensis</span> <span class='ocrx_word' id='word_1_115' title='bbox 1070 3381 1244 3466; x_wconf 82' lang='lat' dir='ltr'>Arohiepi-</span> 
     </span>
     <span class='ocr_line' id='line_1_18' title="bbox 118 3485 1245 3578; baseline 0.001 -20"><span class='ocrx_word' id='word_1_116' title='bbox 118 3491 235 3576; x_wconf 80' lang='lat' dir='ltr'>scopi,</span> <span class='ocrx_word' id='word_1_117' title='bbox 250 3489 456 3578; x_wconf 83' lang='lat' dir='ltr'>ltyehaelem</span> <span class='ocrx_word' id='word_1_118' title='bbox 483 3487 526 3556; x_wconf 86' lang='lat' dir='ltr'>de</span> <span class='ocrx_word' id='word_1_119' title='bbox 542 3485 691 3555; x_wconf 81' lang='lat' dir='ltr'>lionehel</span> <span class='ocrx_word' id='word_1_120' title='bbox 712 3489 904 3574; x_wconf 87' lang='lat' dir='ltr'>magistrum</span> <span class='ocrx_word' id='word_1_121' title='bbox 921 3487 1161 3574; x_wconf 84' lang='lat' dir='ltr'>paniierorum,</span> <span class='ocrx_word' id='word_1_122' title='bbox 1186 3491 1245 3559; x_wconf 85' lang='lat' dir='ltr'>co-</span> 
     </span>
     <span class='ocr_line' id='line_1_19' title="bbox 118 3595 1244 3684; baseline -0.001 -17"><span class='ocrx_word' id='word_1_123' title='bbox 118 3604 229 3667; x_wconf 92' lang='lat' dir='ltr'>mitem</span> <span class='ocrx_word' id='word_1_124' title='bbox 246 3597 447 3683; x_wconf 84' lang='lat' dir='ltr'>Stephanum</span> <span class='ocrx_word' id='word_1_125' title='bbox 463 3595 564 3664; x_wconf 82' lang='lat' dir='ltr'>filium</span> <span class='ocrx_word' id='word_1_126' title='bbox 581 3595 717 3680; x_wconf 71' lang='lat' dir='ltr'>Funus,</span> <span class='ocrx_word' id='word_1_127' title='bbox 736 3597 875 3665; x_wconf 86' lang='lat' dir='ltr'>Lukaeh</span> <span class='ocrx_word' id='word_1_128' title='bbox 885 3599 1037 3684; x_wconf 85' lang='lat' dir='ltr'>Paruum,</span> <span class='ocrx_word' id='word_1_129' title='bbox 1048 3599 1244 3682; x_wconf 89' lang='lat' dir='ltr'>magistrum</span> 
     </span>
     <span class='ocr_line' id='line_1_20' title="bbox 119 3705 1244 3794; baseline -0.002 -16"><span class='ocrx_word' id='word_1_130' title='bbox 119 3709 263 3794; x_wconf 80' lang='lat' dir='ltr'>Capias,</span> <span class='ocrx_word' id='word_1_131' title='bbox 279 3705 439 3776; x_wconf 78' lang='lat' dir='ltr'>Comitem</span> <span class='ocrx_word' id='word_1_132' title='bbox 453 3705 646 3774; x_wconf 82' lang='lat' dir='ltr'>Ladirlaum</span> <span class='ocrx_word' id='word_1_133' title='bbox 661 3705 763 3786; x_wconf 88' lang='lat' dir='ltr'>filium</span> <span class='ocrx_word' id='word_1_134' title='bbox 774 3705 899 3790; x_wconf 80' lang='lat' dir='ltr'>Sokod,</span> <span class='ocrx_word' id='word_1_135' title='bbox 915 3705 1113 3774; x_wconf 82' lang='lat' dir='ltr'>Zoarardum</span> <span class='ocrx_word' id='word_1_136' title='bbox 1130 3707 1174 3774; x_wconf 85' lang='lat' dir='ltr'>de</span> <span class='ocrx_word' id='word_1_137' title='bbox 1191 3729 1244 3776; x_wconf 88' lang='lat' dir='ltr'>oa·</span> 
     </span>
     <span class='ocr_line' id='line_1_21' title="bbox 118 3813 1244 3902; baseline -0.004 -16"><span class='ocrx_word' id='word_1_138' title='bbox 118 3817 199 3887; x_wconf 80' lang='lat' dir='ltr'>linis</span> <span class='ocrx_word' id='word_1_139' title='bbox 216 3816 330 3902; x_wconf 84' lang='lat' dir='ltr'>aquis,</span> <span class='ocrx_word' id='word_1_140' title='bbox 354 3815 526 3883; x_wconf 80' lang='lat' dir='ltr'>Albertum</span> <span class='ocrx_word' id='word_1_141' title='bbox 543 3813 649 3881; x_wconf 86' lang='lat' dir='ltr'>niuem</span> <span class='ocrx_word' id='word_1_142' title='bbox 666 3814 936 3900; x_wconf 85' lang='lat' dir='ltr'>Strigoniensem,</span> <span class='ocrx_word' id='word_1_143' title='bbox 963 3815 1144 3884; x_wconf 86' lang='lat' dir='ltr'>seruientas</span> <span class='ocrx_word' id='word_1_144' title='bbox 1160 3817 1244 3883; x_wconf 86' lang='lat' dir='ltr'>eius·</span> 
     </span>
     <span class='ocr_line' id='line_1_22' title="bbox 118 3921 1244 4012; baseline 0.003 -20"><span class='ocrx_word' id='word_1_145' title='bbox 118 3925 197 3996; x_wconf 88' lang='lat' dir='ltr'>dem</span> <span class='ocrx_word' id='word_1_146' title='bbox 213 3925 336 3996; x_wconf 80' lang='lat' dir='ltr'>domim</span> <span class='ocrx_word' id='word_1_147' title='bbox 352 3923 457 3993; x_wconf 89' lang='lat' dir='ltr'>nostri</span> <span class='ocrx_word' id='word_1_148' title='bbox 472 3921 734 4009; x_wconf 87' lang='lat' dir='ltr'>Arohiepisoopi‚</span> <span class='ocrx_word' id='word_1_149' title='bbox 750 3943 856 4009; x_wconf 91' lang='lat' dir='ltr'>nuper</span> <span class='ocrx_word' id='word_1_150' title='bbox 872 3925 914 3992; x_wconf 87' lang='lat' dir='ltr'>de</span> <span class='ocrx_word' id='word_1_151' title='bbox 925 3926 1070 3992; x_wconf 84' lang='lat' dir='ltr'>exoroitu</span> <span class='ocrx_word' id='word_1_152' title='bbox 1087 3925 1192 4012; x_wconf 83' lang='lat' dir='ltr'>Regio</span> <span class='ocrx_word' id='word_1_153' title='bbox 1203 3926 1244 3994; x_wconf 89' lang='lat' dir='ltr'>de</span> 
     </span>
     <span class='ocr_line' id='line_1_23' title="bbox 117 4033 1242 4120; baseline -0.004 -18"><span class='ocrx_word' id='word_1_154' title='bbox 117 4033 305 4104; x_wconf 79' lang='lat' dir='ltr'>Thestoris</span> <span class='ocrx_word' id='word_1_155' title='bbox 319 4039 519 4104; x_wconf 81' lang='lat' dir='ltr'>reuertentes</span> <span class='ocrx_word' id='word_1_156' title='bbox 544 4033 757 4119; x_wconf 86' lang='lat' dir='ltr'>proposuisse</span> <span class='ocrx_word' id='word_1_157' title='bbox 780 4033 843 4100; x_wconf 90' lang='lat' dir='ltr'>heo</span> <span class='ocrx_word' id='word_1_158' title='bbox 859 4035 972 4103; x_wconf 87' lang='lat' dir='ltr'>omnia</span> <span class='ocrx_word' id='word_1_159' title='bbox 997 4041 1031 4101; x_wconf 88' lang='lat' dir='ltr'>ot</span> <span class='ocrx_word' id='word_1_160' title='bbox 1048 4033 1182 4120; x_wconf 72' lang='lat' dir='ltr'>singula</span> <span class='ocrx_word' id='word_1_161' title='bbox 1194 4035 1242 4099; x_wconf 89' lang='lat' dir='ltr'>in·</span> 
     </span>
     <span class='ocr_line' id='line_1_24' title="bbox 119 4141 1245 4230; baseline -0.004 -17"><span class='ocrx_word' id='word_1_162' title='bbox 119 4145 299 4230; x_wconf 82' lang='lat' dir='ltr'>frasoripta</span> <span class='ocrx_word' id='word_1_163' title='bbox 329 4146 463 4214; x_wconf 88' lang='lat' dir='ltr'>oraenlo</span> <span class='ocrx_word' id='word_1_164' title='bbox 488 4141 564 4211; x_wconf 83' lang='lat' dir='ltr'>rius</span> <span class='ocrx_word' id='word_1_165' title='bbox 589 4143 680 4211; x_wconf 87' lang='lat' dir='ltr'>noeis</span> <span class='ocrx_word' id='word_1_166' title='bbox 705 4166 713 4206; x_wconf 92' lang='lat'><strong>:</strong></span> <span class='ocrx_word' id='word_1_167' title='bbox 754 4143 847 4222; x_wconf 82' lang='lat' dir='ltr'>Quod</span> <span class='ocrx_word' id='word_1_168' title='bbox 872 4163 944 4211; x_wconf 87' lang='lat' dir='ltr'>oum</span> <span class='ocrx_word' id='word_1_169' title='bbox 970 4145 1037 4229; x_wconf 91' lang='lat' dir='ltr'>ipsi</span> <span class='ocrx_word' id='word_1_170' title='bbox 1061 4143 1245 4228; x_wconf 88' lang='lat' dir='ltr'>nuperrime</span> 
     </span>
     <span class='ocr_line' id='line_1_25' title="bbox 119 4251 1246 4337; baseline -0.01 -11"><span class='ocrx_word' id='word_1_171' title='bbox 119 4274 260 4326; x_wconf 81' lang='lat' dir='ltr'>vnsoum</span> <span class='ocrx_word' id='word_1_172' title='bbox 277 4251 392 4319; x_wconf 88' lang='lat' dir='ltr'>eodem</span> <span class='ocrx_word' id='word_1_173' title='bbox 408 4252 541 4324; x_wconf 87' lang='lat' dir='ltr'>domino</span> <span class='ocrx_word' id='word_1_174' title='bbox 570 4258 681 4318; x_wconf 88' lang='lat' dir='ltr'>nostro</span> <span class='ocrx_word' id='word_1_175' title='bbox 697 4252 955 4337; x_wconf 87' lang='lat' dir='ltr'>Arohiepisoopo</span> <span class='ocrx_word' id='word_1_176' title='bbox 980 4252 1197 4334; x_wconf 88' lang='lat' dir='ltr'>Strigoniensi</span> <span class='ocrx_word' id='word_1_177' title='bbox 1214 4259 1246 4316; x_wconf 88' lang='lat' dir='ltr'>et</span> 
     </span>
     <span class='ocr_line' id='line_1_26' title="bbox 120 4359 1246 4448; baseline -0.008 -13"><span class='ocrx_word' id='word_1_178' title='bbox 120 4364 247 4434; x_wconf 83' lang='lat' dir='ltr'>Gomite</span> <span class='ocrx_word' id='word_1_179' title='bbox 263 4369 419 4448; x_wconf 90' lang='lat' dir='ltr'>perpetuo</span> <span class='ocrx_word' id='word_1_180' title='bbox 446 4361 510 4428; x_wconf 89' lang='lat' dir='ltr'>looi</span> <span class='ocrx_word' id='word_1_181' title='bbox 536 4360 681 4427; x_wconf 88' lang='lat' dir='ltr'>eiusdem</span> <span class='ocrx_word' id='word_1_182' title='bbox 699 4359 731 4426; x_wconf 91' lang='lat' dir='ltr'>iu</span> <span class='ocrx_word' id='word_1_183' title='bbox 749 4361 892 4428; x_wconf 81' lang='lat' dir='ltr'>exercitu</span> <span class='ocrx_word' id='word_1_184' title='bbox 918 4361 1059 4429; x_wconf 85' lang='lat' dir='ltr'>illustris</span> <span class='ocrx_word' id='word_1_185' title='bbox 1085 4361 1246 4447; x_wconf 88' lang='lat' dir='ltr'>Prinoipis</span> 
     </span>
     <span class='ocr_line' id='line_1_27' title="bbox 119 4467 1245 4557; baseline -0.003 -20"><span class='ocrx_word' id='word_1_186' title='bbox 119 4471 243 4542; x_wconf 88' lang='lat' dir='ltr'>domini</span> <span class='ocrx_word' id='word_1_187' title='bbox 259 4469 393 4540; x_wconf 83' lang='lat' dir='ltr'>Andros</span> <span class='ocrx_word' id='word_1_188' title='bbox 404 4469 511 4556; x_wconf 73' lang='lat' dir='ltr'>tercii,</span> <span class='ocrx_word' id='word_1_189' title='bbox 529 4469 635 4538; x_wconf 81' lang='lat' dir='ltr'>inoliti</span> <span class='ocrx_word' id='word_1_190' title='bbox 652 4470 752 4555; x_wconf 85' lang='lat' dir='ltr'>Regis</span> <span class='ocrx_word' id='word_1_191' title='bbox 764 4467 934 4554; x_wconf 83' lang='lat' dir='ltr'>Hungarie</span> <span class='ocrx_word' id='word_1_192' title='bbox 950 4489 1010 4557; x_wconf 89' lang='lat' dir='ltr'>per</span> <span class='ocrx_word' id='word_1_193' title='bbox 1021 4470 1084 4538; x_wconf 89' lang='lat' dir='ltr'>Dei</span> <span class='ocrx_word' id='word_1_194' title='bbox 1100 4469 1245 4556; x_wconf 90' lang='lat' dir='ltr'>graoiam</span> 
     </span>
     <span class='ocr_line' id='line_1_28' title="bbox 117 4578 1245 4664; baseline -0.006 -16"><span class='ocrx_word' id='word_1_195' title='bbox 117 4599 202 4650; x_wconf 86' lang='lat' dir='ltr'>nuno</span> <span class='ocrx_word' id='word_1_196' title='bbox 229 4579 420 4664; x_wconf 78' lang='lat' dir='ltr'>regnantis,</span> <span class='ocrx_word' id='word_1_197' title='bbox 448 4585 559 4648; x_wconf 87' lang='lat' dir='ltr'>eontra</span> <span class='ocrx_word' id='word_1_198' title='bbox 575 4579 742 4645; x_wconf 83' lang='lat' dir='ltr'>dominum</span> <span class='ocrx_word' id='word_1_199' title='bbox 771 4578 938 4645; x_wconf 77' lang='lat' dir='ltr'>Albertum</span> <span class='ocrx_word' id='word_1_200' title='bbox 965 4578 1088 4645; x_wconf 88' lang='lat' dir='ltr'>Duoem</span> <span class='ocrx_word' id='word_1_201' title='bbox 1115 4578 1245 4644; x_wconf 85' lang='lat' dir='ltr'>Austris</span> 
     </span>
    </p>
   </div>
   <div class='ocr_carea' id='block_1_4' title="bbox 1035 4811 1076 4879">
    <p class='ocr_par' dir='ltr' id='par_1_7' title="bbox 1035 4811 1076 4879">
     <span class='ocr_line' id='line_1_29' title="bbox 1035 4811 1076 4879; baseline 0 -25"><span class='ocrx_word' id='word_1_202' title='bbox 1035 4811 1076 4879; x_wconf 69' lang='lat'>4*</span> 
     </span>
    </p>
   </div>
   <div class='ocr_carea' id='block_1_5' title="bbox 0 0 1580 5180">
    <p class='ocr_par' dir='ltr' id='par_1_8' title="bbox 0 0 1580 5180">
     <span class='ocr_line' id='line_1_30' title="bbox 0 0 1580 5180; baseline 0 0"><span class='ocrx_word' id='word_1_203' title='bbox 0 0 1580 5180; x_wconf 95' lang='lat' dir='ltr'> </span> 
     </span>
    </p>
   </div>
  </div>
 </body>
</html>
