3094 5168
877 320 942 390 208

345 518 492 604 ejusdcm
520 519 663 608 capituti
688 525 722 588 et
736 519 959 609 predictorum
984 519 1141 588 bonorum
1166 518 1463 605 possessiouemm,

346 629 455 697 tectae
465 633 499 696 et
508 634 736 716 sequestratae
746 627 877 698 fuerunt
888 649 975 698 enno
986 629 1118 700 Domini
1128 627 1301 696 millesimo
1311 625 1465 694 ducente·

345 739 428 807 simo
439 737 656 824 nonagesimo
666 755 762 823 nono,
779 739 974 824 litteraeque
985 738 1163 807 eorundem
1174 735 1465 806 resmbnictionuun

346 846 460 915 eodem
477 867 563 916 cuno
579 846 751 916 coniectae
766 854 801 916 ot
811 855 986 918 emunctae
1003 855 1088 933 runt,
1100 867 1239 932 quus-
1249 885 1292 896 -
1303 843 1466 912 -domi-

346 978 408 1027 nus
424 955 612 1026 Ludouicus
622 955 685 1022 Dei
701 956 1012 1042 gratiuHungcriue
1028 963 1089 1026 etc.
1100 957 1172 1024 Rex
1184 991 1224 1004 ·-
1238 989 1334 1004 -·-
1349 972 1464 1039 oppro-

347 1063 439 1133 bavit
465 1071 498 1130 et
522 1062 698 1132 notificavit
714 1104 757 1115 -
774 1101 818 1114 -··
833 1085 922 1135 cuno
947 1065 1080 1135 Domini
1106 1065 1280 1134 millesimo
1304 1065 1460 1132 trecente·

347 1174 430 1242 simo
447 1173 654 1260 sexagesimo
672 1193 768 1242 ncnc.
785 1179 825 1244 In
842 1175 959 1262 quibus
976 1176 1097 1244 litteris
1114 1176 1199 1242 inter
1215 1175 1301 1244 ulios
1318 1171 1466 1242 reantu-

346 1279 490 1351 iutiones
513 1302 643 1369 quoque
666 1292 825 1352 metarum
850 1285 1071 1371 possessionis
1087 1283 1241 1352 Borband
1266 1289 1399 1369 oporte
1414 1299 1465 1364 op-

348 1388 417 1476 pidi
435 1390 571 1462 Kcrcko
596 1393 657 1462 tali
683 1391 744 1460 sub
768 1401 882 1461 teucro
908 1391 1139 1461 continentur:
1166 1390 1262 1460 Unde
1276 1410 1337 1477 per
1362 1390 1465 1476 ipsum

350 1499 482 1588 Ompcy
498 1499 631 1570 fluvium
657 1501 849 1569 ascenditur
874 1504 962 1570 inter
987 1507 1092 1569 terras
1109 1499 1255 1588 chituii
1270 1499 1313 1568 ub
1331 1506 1465 1580 utruque

349 1613 446 1693 purte
462 1605 552 1678 fluvii
569 1627 671 1695 usque
687 1609 732 1676 ad
750 1611 876 1694 locum,
901 1611 959 1678 ubi
974 1609 1061 1677 idem
1080 1606 1197 1678 fluvius
1224 1611 1392 1676 extructus
1407 1605 1467 1671 fnit

349 1715 390 1784 dc
406 1718 511 1785 veteri
527 1715 627 1787 fluvio
645 1717 795 1808 Ompuy,
812 1725 1021 1788 transeuntes
1041 1739 1100 1806 per
1116 1717 1230 1787 vilium
1246 1715 1416 1798 Borbund,
1434 1720 1464 1778 et

349 1845 408 1910 per
423 1826 530 1892 locum
547 1827 783 1912 ipsiusveteris
800 1825 938 1916 Ompny,
956 1829 988 1893 in
1001 1827 1074 1914 ipso
1085 1828 1173 1896 exitu
1190 1825 1366 1914 praedicto
1381 1831 1465 1890 terro

349 1932 505 2001 Borbend
516 1941 727 2003 commetutur
738 1942 847 2005 torrae
865 1935 988 2005 domini
999 1935 1155 2026 Episcopi
1172 1937 1258 2004 Serd
1268 1941 1415 2014 vocatae,
1433 1931 1463 1994 in

350 2043 443 2110 cuius
458 2041 629 2112 vicinitate
645 2063 704 2128 per
720 2043 828 2112 locum
845 2043 965 2112 veteris
983 2041 1121 2131 Ompey,
1138 2045 1172 2110 in
1189 2043 1278 2128 Sceg
1295 2041 1463 2109 revortitur

350 2150 567 2218 adorientem
585 2151 628 2220 cd
644 2157 712 2219 tres
737 2161 842 2220 metus
858 2158 984 2221 terreus
994 2203 1004 2239 ,
1030 2153 1064 2220 in
1081 2155 1147 2222 tine
1164 2159 1312 2222 sutorum
1329 2149 1463 2236 positos,

350 2279 486 2344 quarum
510 2279 576 2326 nna
601 2267 652 2328 est
668 2267 775 2330 terrae
791 2263 893 2345 Sard,
911 2263 980 2330 alic
995 2269 1102 2332 terrae
1119 2261 1255 2351 Ompey,
1274 2260 1373 2328 tertio
1388 2278 1462 2326 vero

350 2378 457 2438 terroe
473 2367 625 2436 Borbund
635 2371 877 2456 predictarum
896 2371 971 2437 inde
987 2369 1127 2439 flectitur
1139 2379 1252 2438 contro
1263 2369 1464 2456 septemtrio·

352 2495 445 2560 nem,
472 2483 505 2545 et
521 2477 623 2544 intrat
646 2499 762 2548 nemus
779 2478 908 2566 Ompey
924 2477 969 2548 ad
994 2477 1144 2547 arborem
1161 2477 1231 2544 tuot
1253 2486 1346 2546 metu
1362 2485 1466 2543 terren

353 2585 603 2672 circumdatum
621 2586 699 2656 inde
715 2590 880 2655 transiens
897 2589 1003 2674 ipsum
1020 2596 1164 2656 veterem
1180 2585 1314 2656 fluvium
1332 2587 1465 2670 Ompey‚

351 2695 386 2759 in
403 2693 545 2776 quadum
562 2713 647 2762 venu
662 2697 754 2764 venit
770 2696 815 2764 ad
831 2697 981 2765 arborem
998 2697 1084 2762 ilicis
1102 2703 1190 2764 meta
1206 2703 1317 2764 terrea
1334 2696 1463 2761 circum-

351 2807 489 2888 septnm,
505 2804 580 2871 iude
595 2803 640 2870 ad
658 2811 777 2873 metum
794 2813 957 2890 terreum,
985 2806 1020 2873 in
1039 2825 1104 2890 qna
1121 2811 1173 2874 est
1188 2805 1289 2874 arbor
1306 2802 1380 2884 teol;
1394 2798 1467 2866 inde

351 2912 516 2980 transiens
533 2913 639 3000 ipsum
655 2933 781 3000 nemus,
796 2914 887 2982 cudit
904 2915 937 2982 in
952 2913 1060 3002 vium,
1086 2933 1146 3000 por
1162 2933 1260 2998 quum
1278 2913 1342 2980 itur
1362 2908 1466 2978 cdhrm

352 3023 395 3090 ad
411 3023 701 3108 septemtrionem,
720 3027 819 3113 juxto
835 3045 934 3110 quum
950 3026 993 3094 ab
1018 3029 1141 3096 oriente
1157 3033 1210 3092 est
1234 3030 1324 3092 metu
1339 3028 1465 3098 terreu;

351 3130 437 3198 unde
452 3149 509 3216 pcr
526 3133 662 3200 eundem
679 3133 724 3201 ud
739 3133 824 3202 duas
835 3142 951 3218 metus,
968 3155 1103 3219 quorum
1117 3155 1184 3202 unu
1203 3140 1255 3200 est
1270 3134 1304 3202 in
1322 3129 1385 3216 vio,
1401 3127 1468 3192 alic

347 3240 444 3324 juxta
460 3239 549 3307 vium
565 3242 627 3308 sub
641 3229 740 3310 dumo
756 3243 841 3313 ilicis
854 3244 897 3310 ub
907 3245 1052 3331 orientc;
1069 3243 1148 3314 inde
1158 3263 1217 3330 per
1228 3242 1368 3310 eundem
1379 3238 1463 3306 viam

353 3349 386 3412 in
402 3347 540 3434 veliem;
566 3349 643 3418 hinc
660 3351 808 3420 ascendit
824 3352 868 3420 ud
892 3359 1036 3422 montem
1052 3353 1097 3422 ud
1113 3361 1181 3422 tres
1208 3357 1316 3418 metas
1333 3356 1467 3416 terreus,

354 3473 489 3537 querum
506 3476 572 3522 unu
586 3465 637 3526 est
654 3459 873 3546 episcopatis,
890 3463 998 3530 altera
1018 3461 1163 3548 Onpitnli
1173 3513 1182 3546 ‚
1208 3458 1308 3527 tertia
1324 3477 1400 3526 vero
1418 3453 1470 3520 ho·

355 3563 477 3646 spitum
493 3562 534 3630 de
551 3565 698 3652 Kcrkou,
716 3568 773 3636 ubi
788 3577 877 3637 terra
893 3567 1049 3638 Borbcud
1066 3592 1088 3639 u
1110 3568 1273 3652 meridie,
1290 3573 1383 3634 ternu
1396 3583 1471 3632 vero

355 3670 441 3738 Surd
457 3671 501 3738 ab
516 3673 686 3744 occidente
710 3675 870 3762 existunt,
897 3679 953 3745 ubi
969 3678 1003 3744 in
1029 3680 1134 3747 latere
1151 3679 1272 3750 montis
1298 3683 1469 3762 eseptcm-

357 3777 473 3863 trione,
490 3783 522 3847 in
533 3783 703 3852 vicinitate
721 3787 883 3855 dictorum
893 3789 1056 3872 hospitum
1079 3789 1215 3858 Korkou
1226 3792 1391 3874 postremo
1406 3805 1471 3850 vcr-

356 3891 433 3954 titur
449 3895 563 3958 contra
575 3892 734 3962 orientem
746 3903 780 3962 et
796 3897 947 3964 ascendit
962 3917 1021 3983 per
1032 3898 1120 3968 viam
1137 3897 1180 3966 ud
1191 3898 1275 3966 duas
1293 3905 1397 3964 metes
1411 3903 1470 3961 ter-

356 4015 435 4062 reos
445 3997 543 4082 juxta
567 4001 654 4068 viam
670 4002 713 4069 ab
739 4010 879 4086 utraque
903 4011 998 4090 porte
1015 4007 1162 4092 positus,
1187 4025 1327 4089 quorum
1343 4025 1410 4072 unu
1427 4011 1474 4068 est
1534 4049 1535 4052 η

358 4105 451 4172 Pauli
478 4105 518 4173 de
535 4107 678 4180 Ocrkovv
703 4111 859 4180 etaltera
884 4113 1046 4200 Cupitn1i3
1068 4115 1146 4182 inde
1171 4115 1204 4180 in
1230 4111 1343 4182 eodem
1371 4114 1472 4180 latere

360 4213 621 4297 septemtrionali
647 4219 857 4288 descenditur
881 4220 925 4288 ud
942 4243 1040 4290 unum
1067 4231 1185 4291 unctum
1208 4231 1369 4308 terream,
1388 4221 1472 4287 unde

358 4321 1473 4417 veniturodtresmetesterreas,quarumunuestterrueBerbsntb,

357 4429 425 4495 alin
440 4429 608 4515 hospitum
624 4435 666 4502 de
684 4436 813 4522 igvoen,
840 4439 937 4504 tertio
954 4439 1034 4508 dicti
1049 4441 1155 4524 Pauli,
1172 4461 1233 4528 per
1248 4449 1400 4524 quartum
1413 4441 1473 4506 ud-

357 4534 419 4603 huc
435 4541 621 4624 proceditur
638 4551 747 4612 autem
765 4554 877 4614 contre
894 4547 1096 4618 orientemin
1114 4552 1229 4619 eodem
1248 4552 1349 4618 latere
1367 4555 1398 4616 et
1413 4569 1472 4616 ve·

358 4646 446 4712 nitur
459 4647 505 4715 ad
519 4657 639 4720 motem
656 4661 798 4724 terream
816 4653 1018 4724 dividentem
1043 4665 1164 4726 terrum
1185 4659 1342 4726 Barband
1358 4667 1390 4727 et
1404 4667 1470 4726 ter-
