3144 5180
585 333 796 431 ..ff-m

96 531 206 596 nabus
231 537 263 597 et
290 550 401 596 earum
429 531 673 597 successoribus
698 535 849 614 pretextu
874 529 1096 617 predictarum
1122 532 1226 599 trium

97 637 271 718 villarum,
289 639 432 704 habituri
449 639 489 704 de
508 645 615 705 cetero
632 641 803 706 materiam
822 640 1024 723 questionu,
1043 661 1114 709 cnm
1131 661 1228 728 super

96 745 162 813 hoc
178 747 316 812 articulo
328 748 518 831 specialiter
528 749 634 814 omnis
645 751 776 818 occasio
789 747 960 833 repetendi
971 755 1004 816 et
1023 749 1221 837 procedendi

98 853 150 918 cin
167 854 213 920 ad
228 875 366 939 presens
380 862 413 922 et
428 857 463 922 in
488 863 656 942 posterum
682 857 846 924 cnstiterit
865 864 1045 944 amputata.
1073 860 1112 924 In
1130 859 1222 927 cuius

98 963 149 1029 rei
167 962 351 1030 firmitatem
368 971 401 1031 et
416 967 605 1034 memoriam
632 967 868 1054 sempiternam
879 1010 895 1049 ‚2
906 973 1077 1051 presentes
1095 970 1221 1035 litteras

100 1071 150 1138 ad
169 1071 367 1155 peticionem
393 1082 425 1140 ct
450 1074 648 1142 instanciam
673 1075 820 1160 parcium
847 1073 1087 1160 predictarum,
1112 1083 1224 1142 nostro

101 1180 217 1264 sigillo
234 1177 384 1250 dedimus
412 1183 640 1250 communitus.
666 1185 786 1250 Datum
804 1205 863 1268 per
877 1204 993 1251 manus
1013 1183 1145 1252 discreti
1162 1183 1227 1251 riri

102 1289 256 1374 magistri
281 1289 442 1378 Cypriani
465 1293 613 1359 Ecclesia
639 1300 751 1361 nostre
776 1294 942 1376 Lectoris,
979 1313 1064 1360 anno
1094 1290 1227 1361 Domini
1352 1310 1354 1314 ⁴

96 1398 152 1464 Μο
169 1399 239 1469 00⁰
255 1402 481 1485 nonagesimo,
496 1401 603 1488 pridie
620 1401 836 1470 kalendarum
853 1401 946 1489 Julij.

210 1580 321 1648 deposce.
344 1578 518 1651 Bdrtrdrtya,
537 1580 671 1650 mclynelr
685 1578 746 1636 alul
758 1578 1128 1652 ftlhajtotthcsaddkcibtl
1141 1583 1227 1638 vitriis

99 1666 133 1724 ds
147 1663 235 1737 sdrga
249 1671 362 1724 sodrott
375 1669 531 1741 selycmrd'l
543 1669 661 1742 fdggdtt
673 1671 791 1743 pecscte
804 1671 908 1729 clttint.
922 1671 1113 1744 Wigmannus
1129 1670 1227 1743 annyi,

100 1759 179 1814 mint
190 1757 333 1830 Vigmdn‚
353 1760 456 1832 Igmdn
470 1761 674 1834 szcmelynev‚
688 1761 719 1818 ds
734 1761 898 1835 Vigmand‚
917 1762 1039 1838 Igmdnd
1052 1762 1187 1836 helynev.
1201 1763 1228 1820 A

98 1848 212 1906 kckkti
224 1849 417 1909 leveltsrbsn.
430 1853 514 1911 Fauo.
529 1856 554 1910 1.
567 1851 602 1911 N.
615 1855 641 1911 5.
665 1841 747 1924 Erdy.

544 2151 794 2164 ...μη-...μ-

645 2705 691 2772 11.

98 2921 130 2988 Α
151 2923 308 3009 porconyi
331 2919 483 3006 triptotum
510 2919 785 3007 otzoopsoplcooo,
812 2917 890 3006 topy
910 2919 1099 3006 Koodoussy
1123 2920 1225 2986 De'oec

98 3028 231 3117 Mttoly
240 3032 321 3094 mou
334 3028 496 3117 czolpdjdt,
506 3029 552 3094 leit
566 3033 636 3094 mur
651 3027 734 3094 cloto
751 3026 980 3115 ezzooposooa,
993 3029 1158 3114 Milto'nck,
1169 3029 1227 3094 Po-

457 3137 622 3222 tor-fiducie
640 3136 753 3202 cladtc.
779 3138 875 3202 1290.

426 3355 464 3420 n.
573 3353 611 3418 n.
720 3352 789 3436 o..
865 3352 905 3419 n.

214 3553 385 3621 Vniuersis
396 3550 518 3619 Christi
533 3549 687 3618 fidelibus
703 3556 872 3636 presentes
889 3549 1016 3619 litteras
1032 3549 1227 3636 inspecturis
1259 3547 1262 3552 ’

103 3663 301 3751 Capitulum
318 3663 465 3730 Ecclesie
483 3661 694 3728 Posoniensis
720 3662 859 3728 salutem
874 3661 908 3727 in
924 3660 1073 3729 Domino.
1090 3660 1143 3727 Ad
1160 3661 1229 3726 vni-

102 3791 275 3840 neruorum
285 3771 440 3838 noticiam
450 3779 563 3840 tenore
574 3769 775 3855 presencium
785 3773 934 3839 nolumus
944 3771 1128 3855 peruenire,
1140 3769 1229 3853 quod

101 3879 344 3950 Bartholomco
354 3878 420 3947 filio
431 3882 538 3948 Pasce
549 3881 589 3946 de
602 3879 794 3965 (iundrussy
805 3879 899 3945 simul
910 3897 981 3946 cum
992 3876 1058 3946 filio
1070 3897 1127 3944 suo
1138 3877 1228 3965 Dyo·

103 3989 197 4057 nisio
216 3991 346 4056 nomine
362 4009 421 4072 pro
438 4007 473 4052 se
492 3994 523 4054 ct
540 4006 599 4071 pro
616 3987 692 4072 alijs
710 3988 837 4054 duobus
854 3986 930 4054 filiis
950 3987 1018 4053 suis
1035 3985 1226 4054 Alexandro

100 4109 141 4166 et
157 4098 300 4164 Nicolao
316 4097 358 4163 ab
376 4117 439 4161 una
456 4102 561 4182 parte,
572 4095 684 4163 Mikov
700 4095 766 4188 filio
778 4095 876 4178 Petri,
893 4115 953 4180 pro
964 4095 1144 4162 Benedicto
1160 4093 1228 4162 filio

101 4205 253 4273 Manclra
269 4205 312 4271 do
328 4205 413 4271 Galo
430 4206 472 4270 ab
490 4205 596 4270 altera
612 4201 800 4271 constitutis
810 4202 1028 4289 personaliter
1044 4221 1154 4270 coram
1170 4223 1226 4269 no·

100 4317 171 4398 bis,
189 4311 279 4380 idem
295 4311 545 4379 Bartholomeus
562 4316 615 4378 est
630 4309 802 4378 consessus
812 4360 821 4394 ‚
848 4311 1023 4394 quodcum
1048 4311 1227 4380 secundnm

100 4421 350 4492 continenciam
376 4419 557 4486 litterarum
584 4425 768 4486 nostrarum
794 4421 1037 4504 memoralium,
1055 4419 1227 4505 quemdum

99 4551 243 4606 seruum
268 4549 360 4596 suurn
388 4525 643 4613 hereditarium,
668 4528 753 4595 siunt
771 4529 873 4617 dixit,
902 4529 1033 4598 nomine
1057 4527 1226 4596 Micaelem

98 4643 212 4712 filium
227 4639 337 4727 Syck,
363 4640 494 4725 prefato
510 4636 710 4722 Benedicto,
734 4659 794 4726 pro
811 4637 926 4724 viginti
941 4636 1053 4722 pensis
1079 4635 1226 4702 donorio·

163 4781 589 4828 norun.nuno.n1sr.-n1rn.ro.
1048 4763 1069 4830 2
