3072 5168
74 1182 192 1245 mezzo
206 1189 324 1264 merim,
339 1177 462 1242 Thebas
476 1176 610 1264 qrdfflo
626 1178 719 1242 Peter
734 1181 912 1261 mesteroelo,
930 1179 1077 1244 Tioodar
1084 1179 1200 1264 fidoulr

222 1287 290 1353 heir
306 1285 465 1352 Kereohea
481 1285 660 1372 helysdqboa
676 1309 731 1374 epy
747 1287 940 1352 hirtolrre'ezt.
958 1289 1056 1353 1294.

191 1483 351 1552 Omnibus
368 1483 492 1552 Christi
517 1481 670 1550 fidelihus
686 1489 753 1550 tam
775 1485 983 1570 presentibus
1004 1504 1099 1568 quum
1118 1483 1202 1550 futu·

74 1596 124 1662 ris
152 1610 291 1681 presens
316 1593 473 1679 seriptum
500 1591 697 1679 inspecturis
722 1594 882 1680 Magister
907 1592 1082 1662 Ladislaus
1108 1594 1197 1660 filius

75 1701 220 1770 Comitis
237 1702 373 1770 Thehus
389 1702 529 1768 salutem
547 1704 581 1768 in
597 1701 739 1768 omnium
756 1701 935 1769 saluatore.
953 1705 1003 1770 Ne
1023 1703 1127 1788 gestis
1143 1722 1198 1769 an-

75 1813 215 1896 tiquitas
231 1811 343 1878 valeat
358 1808 549 1892 noueroari,
577 1817 609 1876 et
626 1830 685 1894 ea,
712 1829 774 1892 que
791 1808 1036 1877 rarionabiliter
1059 1817 1197 1895 aguntur

76 1921 110 1987 in
129 1926 280 2004 tempore
295 1939 338 1985 ne
354 1938 426 1984 eum
452 1920 525 2006 ipso
542 1926 689 2003 ternpore
705 1917 836 1987 faoilius
860 1917 1053 2003 elabantur,
1078 1917 1195 1984 sollers

79 2027 245 2095 hominum
271 2043 372 2094 eausa
397 2025 568 2093 adinuenit
592 2025 778 2092 testimonio
803 2025 1037 2111 seripturarum
1059 2047 1197 2094 somniu-

78 2135 153 2202 niri.
171 2132 311 2201 Proinde
327 2133 371 2202 ad
396 2139 622 2204 uniuersorum
639 2141 707 2200 tarn
728 2136 932 2221 presentium
959 2155 1058 2219 qnam
1076 2135 1196 2202 tuturo·

75 2265 146 2311 rum
163 2243 318 2310 noticiam
335 2243 453 2310 harum
471 2243 556 2310 serie
570 2244 719 2312 volumus
736 2243 917 2329 pervenire,
942 2243 1030 2327 qnod
1046 2263 1104 2312 nos
1124 2263 1196 2311 oon-

76 2352 235 2420 sideratis
259 2351 434 2420 meritoriis
461 2349 610 2419 serrioiis
629 2349 778 2435 magistri
804 2353 892 2420 Petri
911 2349 969 2418 filii
995 2351 1196 2420 Theodoria

77 2461 233 2549 primeuis
251 2460 397 2546 pnerioie
414 2477 471 2527 sue
487 2459 690 2545 temporibus
707 2463 738 2524 in
758 2459 898 2528 diuersis
922 2461 1055 2528 oasibus
1074 2468 1106 2525 et
1121 2480 1195 2528 oau-

77 2569 124 2638 sis
141 2569 263 2635 nostris
280 2567 420 2636 fideliter
436 2568 531 2636 nobis
559 2567 716 2635 exhibitis
733 2575 764 2636 et
782 2569 920 2650 devote,
948 2575 981 2637 et
1006 2569 1195 2655 specialiter

78 2682 183 2745 morte
199 2677 318 2744 Jaoohi
333 2675 393 2744 filii
409 2675 532 2745 sororis
550 2695 609 2743 sue
625 2681 658 2742 et
673 2675 798 2742 Thome
810 2675 942 2761 cognati
960 2678 1021 2761 sui,
1046 2696 1144 2762 quam
1162 2679 1195 2744 in

77 2784 289 2854 defendendo
306 2804 366 2852 nos
384 2785 418 2852 in
436 2784 578 2868 quadam
595 2785 808 2875 expedioione
828 2786 967 2854 viriliter
983 2787 1196 2872 persoluerat,

78 2895 246 2980 quandam
272 2895 471 2980 particulam
498 2902 583 2960 terre
597 2895 639 2962 de
655 2899 743 2961 terra
769 2901 883 2962 nostra
908 2895 1107 2962 hereditaria
1132 2895 1197 2962 lle·

78 3003 202 3072 reoheu
218 3009 338 3070 rooata
354 3001 502 3070 aboisam
511 3051 521 3087 ,
546 3008 578 3068 et
595 3003 682 3070 hona
698 3003 867 3070 voluntate
884 3010 917 3068 et
933 3001 1126 3078 induooione
1143 3003 1196 3070 Jo-

79 3110 198 3178 hanniu
215 3109 273 3177 lilii
289 3110 394 3176 nostri
418 3109 596 3193 karissimi,
613 3115 645 3175 et
669 3109 804 3192 Laohlr,
823 3110 1003 3196 Stephani,
1029 3109 1193 3200 Dyonisii,

80 3217 257 3287 Laurenoii
273 3227 305 3283 et
320 3215 463 3284 Borandi
478 3215 616 3283 filiorum
642 3219 792 3302 magistri
809 3219 989 3305 Stephani,
1015 3239 1054 3285 ao
1070 3220 1196 3288 Johan-

80 3330 131 3395 nis
148 3327 210 3392 lilii
226 3326 377 3412 magistri
394 3326 546 3413 Dyonisii
556 3377 565 3410 ‚
593 3333 626 3391 et
642 3325 777 3395 Thelrus
793 3327 850 3396 filii
867 3328 956 3396 Baeh
981 3327 1116 3394 fratrum
1139 3347 1193 3395 no-

80 3445 222 3506 strorum
240 3435 502 3514 karissimorum,
520 3454 591 3500 oum
608 3437 757 3503 omnibus
773 3435 971 3503 utilitatibus
988 3436 1057 3504 suis
1074 3445 1105 3502 et
1121 3455 1194 3522 per·

80 3545 235 3614 tinenoiis
251 3543 434 3630 uniuersis,
460 3552 493 3611 et
509 3545 700 3630 specialiter
716 3565 788 3613 oum
814 3547 887 3613 loeo
909 3546 1007 3612 turris
1034 3543 1066 3610 in
1082 3544 1195 3612 eadem

78 3654 351 3744 pertitulaterre
367 3652 531 3732 existenti,
549 3651 720 3736 dedimus,
741 3653 934 3720 donanimus
951 3659 982 3718 et
1003 3653 1197 3722 contulimus

81 3764 191 3832 eidem
207 3763 364 3846 magistro
382 3759 500 3845 Petro,
527 3769 560 3827 et
572 3773 636 3847 'per
652 3781 725 3827 eum
741 3761 811 3829 suis
828 3760 1013 3844 heredibus,
1031 3761 1197 3828 heredum-

81 3891 143 3956 que
159 3889 293 3937 euorum
309 3868 558 3936 suoeessoribus
574 3868 645 3937 iure
666 3868 868 3936 hereditario
884 3868 1024 3954 paoihoe
1040 3873 1073 3934 et
1089 3871 1197 3952 quiete
1243 3895 1245 3900 ·

80 4001 121 4046 uo
146 3975 406 4047 irrenooahiliter
431 3976 666 4063 possidendam
692 3979 814 4063 pariter
841 3986 873 4044 et
899 3974 1070 4043 habedam.
1097 3978 1198 4064 (injus

81 4089 210 4172 quidem
228 4087 388 4172 partioule
401 4091 586 4154 terremotu
601 4085 790 4155 honordine
806 4086 1071 4169 distinguuntur:
1090 4087 1199 4154 Prima

81 4203 171 4263 meta
195 4195 310 4280 insipit
333 4213 355 4260 a
376 4196 450 4263 loeo
466 4194 565 4262 turris
591 4201 787 4280 memorate,
813 4194 1027 4263 distinooione
1049 4195 1199 4262 tendenti

82 4323 197 4374 versus
214 4310 319 4372 metas
336 4305 479 4389 Forrou3
495 4303 615 4371 deinde
632 4303 728 4369 vertit
744 4304 786 4370 ad
803 4311 928 4387 partem
948 4301 1195 4372 meridionalem

80 4415 177 4501 juxte
192 4420 312 4480 terrem
338 4410 478 4481 liliorum
494 4413 613 4482 Jaoobi
639 4417 672 4478 et
686 4411 823 4479 iretrum
850 4430 1000 4496 suorum,
1026 4416 1060 4476 et
1077 4411 1196 4478 deinde

85 4521 180 4590 radit
191 4521 235 4590 ad
251 4521 408 4590 orientem
424 4539 537 4590 versus
553 4529 676 4588 terram
691 4517 913 4604 Gooheielde3
931 4525 963 4584 et
977 4517 1021 4585 ab
1037 4519 1113 4586 iude
1130 4526 1200 4587 teu·

86 4629 134 4698 dit
147 4649 258 4698 uersus
274 4630 550 4714 septemtrionem,
568 4629 644 4695 item
663 4626 707 4694 ad
717 4627 898 4715 predictam
915 4633 1031 4693 terram
1048 4623 1201 4711 magistri
