3144 5180
611 293 764 398 „Et—-

126 492 292 558 libertatis
309 491 454 576 ipsornm
470 492 664 574 neumatum,
682 497 865 576 petentesa
883 491 978 561 nobis
995 513 1066 559 enrn
1083 489 1250 558 instancia

127 607 164 664 nt
179 599 288 683 ipsum
305 599 513 686 priuilegium
529 605 634 668 ratum
645 599 769 666 habere
787 607 819 666 et
840 610 949 667 nostro
967 601 1176 682 dignaremur
1188 598 1250 683 pri·

127 707 253 792 uilegio
269 709 470 789 confirmare,
486 709 579 777 ouius
597 708 727 791 quidem
744 707 910 793 priuilegij
929 716 1023 775 tenor
1040 707 1115 772 tatis
1133 714 1204 772 est:

236 815 420 907 Ladiaiaus
431 816 493 882 Dei
516 816 631 901 graeia
649 818 714 883 stb.
744 828 932 902 (korstkezik
956 830 1005 886 iv.
1030 827 1135 887 Liralo
1154 826 1252 900 kirtly

127 920 247 1080 lateii)
267 919 431 994 okmiuya,
463 923 540 994 mely
563 921 717 980 oluashuto
744 917 987 992 Okmtnytrirnnk
1019 919 1068 976 lV.
1092 918 1252 976 kttetaben

128 1012 191 1068 180.
215 1011 233 1065 l.
1157 1028 1163 1040 “

236 1105 306 1170 Nos
321 1103 420 1189 igitur
436 1105 532 1174 iustis
548 1113 582 1171 et
598 1103 756 1186 legitimis
767 1105 985 1190 petieionibnu
998 1103 1161 1171 dictorum
1177 1097 1252 1168 hos·

128 1212 233 1296 pitnm
249 1219 433 1280 nostrornm
449 1213 491 1282 de
506 1216 676 1296 Deerwar,
701 1211 930 1279 fauorabilium
953 1229 1147 1280 eonsensum
1159 1206 1252 1276 adhi-

129 1323 257 1406 bentes,
273 1322 458 1407 predictum
468 1323 676 1410 priuilegium
687 1321 976 1389 karissimisratris
987 1321 1091 1387 nostri
1103 1319 1252 1397 formam,
1363 1334 1364 1338 ¹

128 1436 164 1495 et
180 1437 328 1498 tenorem
344 1431 515 1518 priuilegij
533 1431 613 1498 dieti
640 1431 810 1498 karissimi
826 1433 881 1497 aui
898 1432 1001 1497 nostri
1018 1427 1178 1513 Stephani
1194 1425 1253 1492 Re·

128 1541 183 1624 gis
209 1539 406 1606 continentis
433 1549 466 1607 et
489 1541 609 1607 seriem
636 1543 817 1607 litterarum
844 1540 961 1626 Ireney
981 1539 1066 1606 Beni
1092 1533 1254 1620 quondam

128 1647 360 1716 Trenssiluani
384 1649 419 1715 in
445 1648 568 1716 eisdem
587 1647 820 1728 confirmantis,
849 1667 948 1733 snper
974 1643 1063 1714 fanto
1088 1639 1254 1710 libertatis

128 1759 275 1843 ipsorum
291 1756 483 1845 eonteotum,
499 1764 535 1825 nt
553 1757 770 1840 premisimus,
787 1775 851 1822 non
869 1755 1097 1834 cancellatum,
1118 1771 1182 1819 non
1198 1751 1255 1816 ab·

130 1884 251 1948 rasum,
269 1885 331 1934 neo
346 1868 378 1934 in
395 1867 507 1948 ulique
533 1863 584 1931 sni
601 1871 697 1950 parte
714 1864 889 1945 uioiatnnr,
916 1871 1022 1930 retum
1049 1861 1207 1928 habentes
1224 1862 1257 1924 et

130 1981 324 2062 acceptum,
350 1973 391 2041 de
407 1975 509 2040 uerbo
526 1972 569 2038 ud
594 1974 729 2039 uerbum
746 1971 954 2058 presentibus
972 1969 1072 2037 inseri
1091 1967 1255 2052 faciendo,

132 2084 320 2168 patrocinio
337 2084 439 2152 nostri
455 2081 619 2170 priuilegij
642 2082 795 2148 duximus
816 2078 1081 2148 confirmandum.
1106 2077 1145 2142 ln
1165 2076 1257 2142 ouius

132 2191 183 2258 rei
199 2193 390 2259 memoriam
414 2197 674 2279 perpetuamque
689 2187 876 2256 firmitatem
903 2193 1075 2274 presentes
1093 2183 1257 2253 oonoessi-

131 2321 205 2368 mus
223 2301 388 2390 duppliois
404 2301 505 2386 sigilli
521 2299 623 2366 nostri
649 2297 828 2366 munimine
852 2296 1034 2363 roboratas.
1061 2293 1183 2360 Datum
1199 2311 1258 2380 per

130 2429 251 2480 manus
268 2411 401 2478 disereti
415 2411 476 2476 viri
493 2405 642 2493 magistri
659 2403 827 2473 Theodori
837 2404 995 2472 Albensis
1014 2401 1166 2471 iiuoiesie
1182 2399 1258 2464 Pre-

130 2519 245 2606 positi‚
270 2519 347 2585 aule
365 2524 478 2586 nostre
495 2515 574 2582 Viae
592 2513 805 2600 Gaueellarij,
830 2511 944 2580 dilecti
962 2519 995 2578 et
1020 2510 1128 2578 fidelis
1144 2509 1258 2578 nostri.

130 2628 228 2693 Anno
246 2627 381 2695 Domini
393 2626 444 2691 Μο
461 2625 529 2694 00⁰
546 2623 759 2709 nonagesimo
775 2623 892 2707 primo.
911 2619 1017 2707 Regni
1028 2625 1137 2688 entem
1155 2619 1260 2686 nostri

131 2754 221 2801 anuo
239 2754 357 2821 primo.

325 2927 474 3000 (Eredetie
488 2924 664 2986 Demiror
679 2924 892 2984 leutittriban.
906 2923 989 2981 santo
1002 2920 1125 2994 Korotp.)
