3094 5168
79 1129 105 1196 A
119 1134 271 1218 pozeonyi
282 1129 440 1219 kdptolon
456 1133 726 1222 hizooyedpieoele,
743 1135 824 1224 dopy
844 1133 978 1202 doctae·
996 1137 1105 1201 [modu
1121 1137 1200 1202 Heet

78 1239 194 1326 ddpedp
205 1238 434 1325 fdldeeurdoad
449 1243 480 1306 ds
496 1241 677 1309 lakoeoioal
692 1243 836 1330 bizooyoo
859 1243 1081 1310 odmatmakra
1095 1247 1198 1332 odzoe,

118 1347 289 1435 mdyedket
305 1349 378 1414 ezok
393 1349 424 1413 dt
440 1351 571 1438 idiettelu
588 1350 817 1438 baroodporau
827 1353 1031 1442 apposituro.
1054 1353 1152 1420 1299.

180 1545 253 1614 Nos
269 1545 458 1632 Capitulum
475 1547 689 1618 Posoniensis
699 1547 849 1617 Eoolesie
865 1550 1023 1619 memorie
1039 1567 1198 1615 commen·

79 1650 196 1721 dentes
213 1653 438 1742 signifieemus
454 1658 575 1741 quibus
591 1658 727 1742 expedit
744 1659 918 1743 uniuersis,
939 1658 1029 1742 quod
1044 1657 1199 1724 eonstitu-

80 1761 118 1827 tis
133 1763 355 1846 personaliter
372 1783 482 1830 eornm
500 1763 594 1834 nobis
612 1764 736 1832 Ditrieo
755 1764 865 1831 villico
882 1766 924 1832 de
939 1766 1034 1848 Heet,
1051 1764 1150 1842 Vreh,
1168 1769 1201 1830 et

81 1867 213 1936 Henreh
229 1869 316 1936 dioto
326 1870 474 1958 Selbher‚
493 1877 526 1937 et
537 1863 662 1939 Oomite
672 1871 798 1940 Jeeobo
808 1873 948 1938 Domino
961 1871 1107 1940 eiusdem
1122 1871 1202 1938 ville

79 1977 182 2044 Heeth
199 1977 243 2044 ab
267 1999 333 2048 rna
359 1987 474 2069 perte,
490 1979 661 2066 Stephano
686 1980 727 2048 de
745 1981 873 2050 Ooreha
899 1981 941 2048 eh
968 1981 1095 2069 altera3
1112 1979 1200 2048 idem

80 2086 268 2174 Stephanus
286 2097 335 2156 est
362 2089 535 2158 coufessus
561 2089 638 2157 vira
655 2109 755 2174 vooe,
781 2089 868 2174 quod
894 2091 971 2158 lieet
988 2097 1077 2159 mota
1100 2088 1202 2156 fuerit

81 2197 222 2265 materie
236 2197 417 2280 questionis
433 2197 521 2264 inter
537 2197 628 2282 ipsos
645 2217 704 2282 pro
729 2199 921 2266 uulneribus
946 2205 979 2264 et
994 2198 1121 2266 iniuriis
1138 2197 1202 2284 ipsi

80 2303 249 2388 Stephano
266 2305 369 2372 illatis
395 2325 454 2391 per
471 2305 640 2390 prediotos
664 2308 804 2393 populos
822 2307 864 2376 de
882 2307 1010 2392 Heeth,
1038 2313 1070 2374 et
1086 2303 1142 2373 diu
1157 2302 1203 2372 el·

79 2415 195 2482 teroeti
211 2412 352 2482 fuissent
361 2465 370 2498 ,
398 2413 441 2482 ed
458 2415 605 2488 ultimum
621 2419 730 2484 temen
748 2413 970 2482 mediantibus
990 2414 1102 2502 probis
1121 2413 1202 2481 viris

65 2521 189 2594 ,taliter
206 2521 463 2590 eoncordessent
479 2543 487 2586 ε
504 2523 600 2602 Quod
614 2521 737 2608 prefati
754 2523 867 2608 populi
884 2521 925 2590 de
940 2521 1027 2590 Heet
1043 2521 1204 2592 deberent

79 2629 209 2698 soluere
226 2627 334 2698 eidem
359 2627 528 2716 Stephano
554 2651 613 2718 pro
630 2629 821 2716 uulneribus
848 2631 917 2698 suis
938 2637 972 2697 et
988 2629 1115 2698 iniuriis
1140 2624 1204 2698 sibi

78 2737 178 2808 illatis
196 2745 273 2807 ooto
290 2757 440 2824 meroes,
468 2757 550 2824 ques
568 2737 701 2824 quidem
718 2746 793 2806 oeto
810 2758 941 2805 marens
961 2737 1049 2805 idem
1066 2737 1204 2823 Stepha-

79 2866 137 2914 nus
155 2868 177 2916 α
192 2845 352 2931 predictis
377 2847 508 2932 populis
525 2845 566 2912 de
584 2845 691 2915 Heeth
714 2847 884 2916 confessus
911 2850 1014 2912 estse
1038 2844 1205 2930 recepisse

80 2955 249 3038 plenarie,
277 2961 310 3020 et
325 2955 469 3034 hahere,
495 2962 526 3020 et
542 2952 591 3023 sie
606 2954 726 3023 dietum
743 2955 887 3023 uilliourn
897 3003 906 3037 ‚
924 2951 1032 3040 vroh,
1057 2950 1203 3035 Henreb,

78 3061 220 3130 Selbher
235 3067 388 3129 ettotam
407 3061 520 3128 villam
537 3062 644 3129 Heeth
654 3112 663 3146 ,
691 3084 731 3132 eo
746 3062 909 3132 iacobum
926 3061 1086 3130 (tomitem
1103 3058 1205 3128 dorni·

79 3191 154 3239 num
171 3170 323 3238 eiusdem
338 3169 416 3239 riile
432 3167 548 3252 Heeth,
568 3170 716 3256 prefatus
741 3169 929 3256 Stephanus
955 3170 998 3237 de
1015 3169 1205 3236 uulneribus

84 3287 114 3344 et
138 3280 295 3348 omnibns
320 3277 449 3345 iniuriis
476 3275 539 3346 sibi
564 3277 668 3346 illotis
693 3276 840 3344 reddidit
865 3276 996 3362 penitus
1013 3274 1205 3361 expeditos3

79 3384 260 3473 obligando
277 3403 324 3470 se,
342 3386 428 3470 quod
445 3386 627 3469 quicunque
643 3405 803 3472 prooessu
823 3392 1005 3471 temporum
1015 3382 1206 3472 sepediotos

79 3497 222 3581 populos
232 3493 274 3560 de
287 3494 405 3578 biseth,
422 3495 652 3563 eutJacobum
662 3493 821 3563 comitem
832 3493 1008 3562 Dominum
1019 3492 1207 3578 eorundem,

76 3603 211 3672 raoione
228 3602 462 3688 premissorum
479 3600 692 3669 articulorum
707 3601 808 3667 uellet
825 3600 983 3686 impetere
1002 3601 1205 3687 uolnerare,

77 3719 200 3782 extuno
226 3709 312 3779 idem
338 3707 529 3798 Stephanus
554 3708 597 3775 de
621 3708 748 3776 Oorohn
772 3715 939 3776 teneretur
964 3728 1022 3778 eos
1049 3695 1206 3793 expedire

75 3819 224 3908 propriis
249 3817 418 3887 laboribus
444 3822 475 3884 et
492 3815 657 3902 expensis.
674 3815 798 3883 Datum
823 3837 910 3884 enne
932 3815 1065 3884 Domini
1082 3818 1125 3882 Μ.
1143 3814 1205 3883 00.

77 3925 319 4011 Lxxxxlx0,
331 3924 479 3994 seeundo
490 3924 545 3992 die
557 3932 747 3991 ootuuarnm
755 3924 948 3992 Natiuitatis
957 3923 1093 3994 Domini
1104 3921 1208 3990 nostri

78 4041 159 4108 Jesu
175 4035 310 4104 Christi.

494 4193 550 4269 (hu
569 4191 679 4251 eredeti
699 4189 790 4262 utin.)

516 4465 773 4477 ....—---—

131 4735 237 4786 nosen.
247 4741 326 4783 nuso.
342 4739 409 4782 uisu.
419 4739 521 4780 -nrrn
533 4737 565 4780 ro.
