3072 5168
552 343 716 444 Α

70 539 215 608 eandem
241 560 361 625 aquam
387 541 617 609 eirenmeundo
643 543 766 608 entiam
785 541 899 624 Behnr,
927 541 970 608 ad
986 543 1086 608 alium
1102 541 1191 621 telak,

70 648 160 732 quod
177 648 256 714 teiek
272 649 360 716 cedit
376 649 409 717 in
434 656 559 734 partem
575 650 714 716 tiliorum
730 649 847 733 Rebar,
866 650 898 714 in
916 650 981 717 tine
998 651 1087 716 eninr
1114 649 1191 713 teleta

70 756 177 825 tendit
191 756 235 822 ad
247 759 405 826 orientem
415 755 616 825 transeundo
626 757 713 823 uiam
724 756 881 825 directam
901 758 945 825 ad
960 756 1191 846 molendynum

68 867 455 955 Jorehykanperaqnam
467 867 621 953 Zelnyee,
637 875 670 934 et
685 867 792 936 tendit
808 868 958 952 superius
974 887 1033 953 per
1051 867 1191 934 eandem

69 996 194 1058 aquam
210 975 253 1040 ad
270 976 533 1063 septemtrionem
544 995 646 1061 usqne
663 975 707 1042 ad
722 975 839 1060 loeum‚
857 977 911 1045 ubi
921 982 1008 1043 terre
1023 975 1101 1043 ville
1121 971 1190 1040 Zel-

70 1103 158 1171 nyee
174 1084 412 1169 distinguerem
436 1092 469 1150 et
486 1084 562 1152 inde
589 1085 787 1169 prosiliendo
804 1085 845 1153 de
870 1105 957 1168 aqua
980 1083 1129 1173 procedit
1146 1081 1191 1148 ed

72 1195 234 1259 orientem
251 1192 294 1258 ad
311 1193 462 1260 arborem
475 1191 596 1278 senfin,
623 1194 680 1259 ubi
697 1201 748 1260 eat
764 1201 871 1278 meta;
889 1202 922 1261 et
949 1194 1024 1260 inde
1040 1192 1131 1258 uadit
1147 1191 1193 1259 ad

73 1303 176 1368 aliam
192 1302 341 1365 arborem
351 1298 473 1384 siresa,
490 1301 546 1369 ubi
562 1308 614 1368 eet
629 1310 737 1386 meta3
757 1301 882 1368 atinde
898 1302 1012 1369 eirenit
1035 1301 1078 1366 ad
1097 1303 1191 1367 meri-

75 1410 163 1476 diem
180 1407 225 1474 ad
242 1427 338 1472 roam
356 1407 453 1490 niam,
469 1409 525 1474 ubi
541 1416 592 1475 ert
607 1417 706 1494 meta,
724 1408 767 1475 de
782 1427 847 1492 qua
863 1417 951 1474 meta
970 1409 1117 1495 proeedit
1132 1426 1191 1493 per

73 1517 228 1598 antiquar
244 1522 350 1582 metae
361 1517 454 1582 iuxta
470 1523 589 1584 terram
604 1517 699 1584 Pauli
716 1516 854 1583 sartoris
864 1516 908 1583 ad
919 1516 1068 1584 arborem
1077 1514 1191 1600 forsa,

73 1623 127 1691 ubi
144 1632 196 1691 eat
213 1629 302 1689 meta
312 1675 321 1709 ,
348 1624 390 1691 de
406 1643 471 1708 qna
487 1631 577 1691 meta
592 1624 712 1693 transit
726 1645 825 1693 rnnm
849 1625 974 1690 mortar
994 1625 1038 1691 ad
1062 1629 1192 1710 portum

74 1733 232 1818 Wagery,
250 1738 284 1798 et
299 1752 358 1816 per
376 1733 512 1801 eandem
530 1757 580 1797 ere
595 1732 707 1800 defluit
722 1735 765 1799 ad
784 1753 900 1817 aquam
916 1733 1048 1800 Zelniee
1063 1731 1108 1798 ad
1124 1732 1191 1817 pri·

74 1860 163 1906 mam
180 1845 312 1906 metam.
330 1841 397 1908 Sed
413 1841 491 1924 quia
509 1849 597 1908 terra
607 1837 758 1926 Omodey
774 1848 808 1908 et
823 1839 960 1909 fratrum
971 1859 1115 1924 suorum,
1131 1859 1193 1926 que

74 1947 292 2018 eommuniter
308 1949 466 2018 remansit
490 1949 623 2034 populis
639 1949 682 2016 de
698 1949 860 2029 Waralia,
884 1948 990 2016 maior
1015 1967 1090 2016 eree
1105 1945 1194 2015 nide-

76 2062 183 2142 batnr,
200 2056 302 2142 ijdem
321 2058 437 2143 populi
447 2056 623 2125 ediderunt
638 2058 824 2142 quindecim
839 2057 1063 2145 ingererem,
1078 2058 1113 2124 in
1127 2064 1192 2123 ter·

76 2165 171 2250 ragio
186 2165 383 2250 populorum
408 2166 449 2233 de
464 2166 661 2250 Tomonoh,
687 2187 749 2251 que
765 2175 853 2235 terra
879 2173 1027 2234 oeseerat
1045 2164 1193 2236 moerente

78 2275 126 2342 eis
142 2275 177 2340 in
193 2274 419 2342 eoneambium
435 2273 585 2342 Eooleeie
595 2273 741 2362 Virginis
758 2275 911 2344 Glorioso
926 2275 1107 2361 assignate.
1123 2277 1193 2343 Noe

77 2383 178 2468 igitur
200 2382 244 2447 ed
270 2381 466 2466 petioionem
490 2382 636 2468 paroium
661 2381 790 2452 litterae
814 2389 945 2450 nostroe
971 2381 1193 2450 eoneersimue

77 2489 180 2576 sigilli
195 2491 300 2558 nostri
323 2488 503 2558 munimine
527 2493 710 2558 roboratae·
728 2491 849 2558 Datum
865 2511 952 2559 anno
977 2492 1022 2559 ab
1037 2491 1193 2558 Inearna-

77 2600 170 2665 eione
186 2597 318 2666 Domini
334 2597 386 2663 Μο
400 2597 472 2666 00⁰
486 2599 700 2686 nonagesimo
719 2597 1041 2687 qinto.1tempopnli
1057 2598 1100 2665 de
1115 2599 1195 2664 uilla

74 2703 227 2775 Waraiie
241 2715 491 2792 assumpserunt
507 2708 690 2776 Omodenm
707 2714 739 2775 ot
753 2711 871 2775 fratres
888 2727 966 2777 error
982 2706 1026 2773 ab
1043 2706 1194 2775 omnibus

75 2817 236 2904 impetere
251 2815 438 2885 volentibus
454 2835 585 2904 remper
600 2815 778 2886 defendere
795 2823 828 2883 et
844 2815 1010 2902 expedire.

201 3012 265 3083 (ΠΙ.
277 3011 371 3068 Endre
384 3010 539 3084 kirdIynak
552 3012 666 3070 lieo-ki
680 3009 944 3086 negerodteeebot
963 2999 1058 3082 drop.)

505 3306 762 3317 ——-—-——
