3072 5168
354 1135 386 1203 A
397 1141 550 1226 pazsouya'
564 1137 723 1228 ledptalua
732 1137 1005 1226 dizonysopleoale,
1021 1141 1098 1228 lopy
1109 1138 1227 1206 Mitule
1239 1138 1398 1206 Baloluelr
1406 1137 1483 1222 fla,

356 1247 522 1314 &Bellias
538 1246 770 1312 Kmaelaa‘onulr
787 1247 838 1332 flu
858 1248 958 1313 Torola
973 1251 1053 1312 aeur't
1068 1249 1277 1314 timoratum
1299 1252 1368 1314 sada
1381 1247 1483 1311 leia-6-

573 1354 619 1440 tyr·
633 1353 764 1441 buldagi
780 1353 993 1440 aadmdfdldat
1009 1355 1145 1422 eludtulr.
1163 1356 1260 1420 1294.

463 1553 534 1619 Nos
551 1549 737 1640 Capitulum
764 1551 913 1620 Eeolesie
929 1553 1142 1622 Posoniensis
1167 1551 1383 1638 ugnifieamus
1399 1553 1478 1618 rni-

356 1659 460 1728 uersis
477 1660 596 1743 quibus
614 1661 748 1745 expedit
764 1679 822 1745 per
838 1667 1030 1746 presentes,
1056 1661 1144 1742 quod
1160 1661 1345 1729 constitutis
1360 1679 1482 1746 perso-

355 1768 474 1834 naliter
493 1787 604 1836 ooram
620 1768 715 1834 nobis
732 1767 869 1834 Nieolao
886 1767 955 1836 fllio
970 1767 1114 1851 Bulolru,
1142 1769 1256 1839 Blasio
1272 1767 1338 1838 filio
1362 1767 1476 1836 Kara-

357 1874 449 1942 ehini
465 1894 506 1942 ex
522 1895 588 1942 uua
602 1883 718 1960 parte,
735 1876 916 1944 Benedioto
931 1873 998 1944 filio
1015 1876 1156 1944 Mauoha
1172 1897 1213 1942 ex
1229 1877 1335 1946 altera
1344 1925 1352 1958 ,
1369 1875 1476 1960 ijdem

354 1984 512 2052 Nicolaus
528 1990 562 2050 et
587 1983 722 2054 Blasius
738 1990 813 2051 sunt
829 1983 990 2066 confessi,
1017 1984 1106 2068 quod
1124 1985 1189 2072 ipsi
1205 2005 1247 2052 ex
1272 2002 1394 2067 magna
1413 2004 1472 2050 ne-

355 2092 510 2160 cessitate
526 2091 633 2160 eoaeti
659 2093 701 2160 de
728 2099 816 2158 tarra
841 2093 985 2177 ipserum
1014 2090 1120 2158 Toroh
1143 2098 1279 2172 uooata,
1307 2109 1369 2174 que
1394 2089 1476 2158 olim

355 2219 397 2267 ex
411 2203 526 2288 graeia
541 2199 664 2268 domini
680 2201 761 2269 Bele
776 2199 1056 2269 Excellentissimi
1080 2199 1181 2285 Regis
1199 2198 1369 2284 Hungarie
1385 2199 1471 2280 auis,

356 2312 480 2394 etpost
494 2308 558 2375 hee
573 2308 723 2393 patribus
748 2309 895 2392 ipsorum
911 2306 1019 2374 tuerat
1041 2307 1184 2388 oollata,
1211 2311 1339 2372 eentum
1361 2305 1476 2387 iugera

355 2424 442 2487 terre
458 2417 595 2484 arabilis
611 2418 677 2484 sita
688 2417 807 2501 inipsa
824 2423 912 2486 terra
927 2437 948 2482 a
963 2422 1058 2502 parte
1068 2415 1232 2504 superiori
1248 2433 1365 2482 uersus
1380 2413 1471 2493 aqui·

355 2527 465 2596 lonam
480 2527 657 2596 seeundum
683 2545 868 2596 mensuram
884 2525 1042 2612 Regiam,
1067 2530 1103 2592 ut
1117 2522 1291 2606 dixerunt,
1316 2519 1474 2588 uidelioet

356 2633 526 2720 quodlibet
540 2635 634 2719 inger
646 2636 779 2708 ,habens
789 2635 824 2704 in
842 2633 1048 2721 longitudine
1058 2631 1269 2720 septuaginta
1285 2628 1368 2698 duas
1382 2649 1474 2696 men·

357 2761 451 2810 suras
466 2742 600 2828 Regias,
619 2749 653 2811 et
668 2744 702 2810 in
719 2742 896 2812 latitudine
912 2741 1098 2826 duodecim,
1118 2739 1347 2810 uendidisseut
1362 2736 1468 2804 eidem

356 2851 536 2920 Benedioto
552 2851 596 2922 de
612 2853 832 2936 generatione
859 2869 921 2918 aua
947 2871 1007 2936 pro
1032 2869 1089 2918 sex
1114 2849 1235 2918 mareis
1255 2848 1394 2915 latorum
1418 2841 1470 2908 de-

355 2959 519 3028 nariorum
534 2959 794 3046 Wyennensium
820 2960 853 3026 in
868 2957 953 3027 illios
974 2959 1113 3026 filiorum
1140 2964 1294 3043 perpetuo
1313 2957 1382 3022 iure
1396 2971 1470 3039 pos-

357 3066 547 3150 sidendam
576 3085 672 3151 quam
691 3085 849 3133 summam
875 3065 1013 3151 peennie
1040 3063 1140 3149 ijdem
1157 3064 1315 3130 Nieolaus
1340 3047 1373 3130 et
1392 3063 1470 3128 Bla-

357 3178 425 3244 sius
450 3175 599 3260 plenarie
624 3177 795 3263 reoepiase
810 3176 853 3242 ab
880 3173 992 3242 eodem
1017 3172 1197 3242 Benedioto
1220 3177 1293 3238 sunt
1320 3169 1471 3240 oontessi.

359 3283 555 3369 obligantes
582 3285 687 3352 solam
715 3305 751 3352 se
769 3283 870 3370 ijdem
894 3283 1052 3350 Nioolaus
1068 3285 1102 3346 et
1125 3279 1276 3362 Blasius,
1302 3277 1389 3362 quod
1404 3283 1471 3363 qui-

359 3411 486 3478 eunque
502 3412 663 3480 proeessu
679 3399 859 3479 temporum
875 3393 1010 3461 raoione
1025 3398 1114 3458 terre
1128 3387 1317 3478 supradicte
1335 3389 1470 3456 eundern

358 3501 570 3570 Benedictum
586 3502 743 3589 impetere
760 3501 900 3570 forsitan
916 3505 1149 3584 attemptaret,
1164 3499 1320 3566 Nioelaus
1345 3503 1379 3562 et
1397 3499 1470 3564 Bla-

359 3613 426 3678 sins
442 3611 625 3697 supradiotl
650 3612 847 3679 tenebuntur
863 3613 970 3696 ipsum
985 3609 1200 3678 Benedietum
1222 3606 1378 3691 expedire
1400 3627 1467 3692 pro·

361 3715 442 3805 prije
458 3717 624 3786 laboribus
650 3727 682 3786 et
707 3719 883 3807 expensis3
908 3721 1026 3788 dantes
1052 3717 1155 3786 eidem
1181 3715 1407 3785 austeritatem
1430 3737 1467 3782 er

359 3845 444 3893 nune
460 3825 635 3914 uendendi,
652 3827 812 3909 donandi,
829 3849 890 3896 seu
905 3827 1110 3913 relinquendi
1135 3828 1187 3894 oui
1203 3825 1293 3894 uelit.
1319 3827 1357 3894 in
1381 3825 1467 3909 eujus

360 3934 408 4002 rei
424 3934 614 4004 memoriam
630 3943 803 4025 presentes
819 3937 969 4006 dedimus
990 3935 1118 4004 litteras
1135 3936 1238 4020 sigilli
1255 3933 1360 4004 nostri
1375 3934 1467 4000 muni·

364 4043 449 4108 mine
480 4045 660 4115 roboratas.
689 4047 811 4114 Datum
836 4065 923 4114 auno
948 4045 1082 4112 Domini
1104 4041 1148 4112 ll.
1172 4042 1237 4112 00.
1261 4043 1466 4130 nonagesimo

362 4157 486 4234 quaes.

765 4243 794 4309 Α
901 4241 927 4309 o
1033 4239 1075 4309 n.

363 4431 495 4507 (Hdrtya.
515 4433 673 4490 Vdrdsudld
686 4435 816 4506 selymen
829 4435 901 4512 fflgg
914 4455 949 4492 az
963 4437 999 4509 dp
1012 4436 1121 4510 paese't.
1135 4433 1418 4507 Pousonylrdptalani
1431 4453 1467 4492 er-

513 4521 616 4598 sudgos
625 4523 757 4583 leudltdr.
771 4526 868 4599 Capsa
881 4526 924 4584 14.
938 4528 1020 4585 Faue.
1033 4527 1076 4583 18.
1091 4528 1158 4586 Nro.
1171 4527 1198 4582 ³.
1217 4524 1334 4596 Knaau)
