3094 5168
872 951 947 1018 149.

359 1147 541 1217 ALosoaoa
550 1147 694 1236 jbttcttb
710 1149 992 1213 ktilbosaulcosztott
1018 1157 1049 1212 ot
1073 1148 1241 1212 birtolerocz
1268 1149 1357 1212 iaciat
1382 1148 1471 1236 perle-

358 1259 467 1345 tuot,
485 1282 518 1324 ez
534 1257 676 1343 brbkscpi
691 1261 793 1343 jopen
820 1257 955 1342 mepitc'il
981 1265 1012 1319 oc
1027 1255 1212 1320 birtokreszt
1229 1278 1249 1316 a
1270 1256 1358 1318 odczi
1373 1255 1472 1340 kcipto·

408 1365 464 1430 loa
480 1362 551 1430 stlta
565 1361 792 1448 Biterfioinols
810 1363 942 1448 cupediis
959 1364 990 1427 es
1005 1361 1151 1427 baidroit
1170 1359 1327 1447 kijeliilik.
1345 1362 1435 1424 1299.

466 1561 657 1647 Capitulum
673 1559 823 1627 Ecclesia
850 1559 1035 1627 Waoiensis
1063 1561 1215 1627 omnibus
1235 1557 1359 1626 Christi
1383 1555 1472 1622 fideli-

358 1669 417 1736 bus
435 1676 502 1736 tam
518 1667 726 1755 presentibus
752 1687 849 1750 quam
865 1666 982 1734 futuris
999 1667 1205 1753 presencium
1223 1667 1381 1732 noticiam
1396 1664 1473 1731 habi·

357 1777 438 1843 turis
454 1778 593 1846 salutern
622 1777 656 1842 in
682 1775 828 1841 Domino
849 1775 1093 1860 sempiternam.
1118 1769 1347 1841 Vniuersorum
1373 1780 1472 1841 tenore

357 1885 562 1972 presencium
578 1883 693 1948 barum
718 1883 804 1950 serie
821 1883 1042 1970 declaramus,
1060 1883 1146 1966 quod
1162 1882 1281 1949 Comes
1299 1883 1471 1949 Hermanus

356 1993 443 2060 filins
459 1993 584 2082 Heym,
611 1989 762 2059 officialis
787 1990 927 2077 Nicolay
945 1999 977 2057 et
1001 1991 1164 2059 lobannis
1181 1989 1323 2057 filiorum
1345 1989 1469 2058 Comitis

356 2101 467 2188 Byter‚
486 2119 555 2164 cunr
572 2098 689 2166 litteris
715 2099 836 2166 nostris
853 2099 1088 2184 procuratoriis
1105 2120 1164 2186 pro
1190 2097 1316 2164 eisdem
1342 2098 1470 2165 dominis

355 2205 424 2274 suis
440 2207 483 2272 ab
497 2227 563 2274 vna
579 2215 673 2292 parte
683 2259 692 2294 ‚
710 2213 742 2274 et
762 2208 949 2274 Demetrius
965 2207 1051 2274 filius
1068 2207 1223 2294 Farlnasij
1242 2227 1302 2291 pro
1320 2227 1358 2274 se
1375 2215 1406 2272 et
1419 2223 1469 2288 pro

357 2315 477 2383 blochk
493 2315 593 2382 fratre
609 2335 677 2392 suo,
703 2333 743 2383 sc
758 2337 818 2403 pro
834 2317 931 2382 Petro
950 2323 981 2381 et
999 2315 1140 2384 Nicolao
1156 2314 1233 2400 filijs
1250 2315 1362 2398 Perse,
1378 2311 1470 2379 fratri·

354 2423 416 2491 bus
432 2423 500 2490 suis
516 2427 731 2509 patruelibus,
749 2445 811 2492 noc
828 2446 892 2491 non
909 2425 1072 2509 Georgius
1090 2423 1176 2490 filius
1193 2425 1294 2490 Perse
1312 2443 1370 2507 pro
1386 2421 1468 2490 sesi-

355 2531 474 2598 militer
486 2552 558 2598 oum
569 2535 687 2601 litteris
699 2534 818 2600 nostris
830 2534 1060 2618 procuratoriis
1078 2531 1244 2615 exaltem,
1262 2549 1370 2598 coram
1385 2528 1468 2597 nobis

353 2639 575 2724 personaliter
585 2639 910 2726 constituti,relatum
921 2641 1050 2710 exstitit
1060 2639 1262 2709 concorditer
1273 2637 1467 2725 pereosdem;

354 2748 441 2832 qnod
466 2769 539 2817 oum
565 2751 824 2838 superquinque
849 2752 999 2836 partibus
1027 2769 1086 2816 sen
1102 2749 1313 2834 porcionibus
1339 2755 1417 2813 terre
1433 2745 1467 2811 de

352 2867 441 2926 terra
455 2855 569 2946 Tema,
588 2878 669 2942 quas
686 2861 830 2945 quinque
855 2860 1027 2949 porciones
1044 2867 1202 2926 terrarum
1230 2857 1338 2924 dictus
1363 2857 1467 2926 Comes

351 2965 537 3033 Hermanus
549 2968 680 3034 nomine
698 2968 838 3034 filiorum
855 2968 993 3037 (lomitis
1010 2969 1112 3055 Byter
1129 2965 1331 3033 dominorum
1349 2981 1467 3030 suorum

352 3077 394 3142 de
410 3081 497 3141 terra
513 3073 668 3142 Lusuncb
694 3081 862 3142 extractas
880 3097 953 3144 esse
971 3077 1063 3160 dixit,
1082 3081 1116 3142 et
1134 3073 1290 3142 Lusuncb
1308 3069 1467 3158 appellari,

352 3182 464 3268 grauis
481 3183 618 3247 materia
635 3183 813 3267 iurgiorum
825 3203 885 3251 seu
904 3183 1014 3251 licium
1031 3189 1146 3251 exorta
1160 3180 1468 3262 luissetinteripsos,

353 3299 386 3357 et
402 3289 512 3356 multis
538 3295 721 3374 temporum
746 3292 915 3360 curriculis
940 3292 1111 3376 ventilata,
1136 3309 1236 3376 super
1252 3289 1370 3372 quibus
1385 3285 1467 3369 quin·

351 3418 415 3486 que
439 3397 651 3484 porcionibus
676 3401 709 3466 in
736 3399 863 3467 octauis
889 3399 984 3468 Beati
1011 3397 1148 3482 Georgij
1168 3397 1316 3462 martiris
1342 3393 1469 3480 predicti

348 3507 407 3592 filij
426 3506 561 3573 Comitis
578 3509 681 3594 Byter
698 3527 811 3574 coram
826 3507 929 3592 nobis,
947 3515 980 3574 et
1006 3506 1126 3591 prefati
1142 3505 1201 3589 filij
1221 3503 1375 3588 Farkasij
1393 3511 1425 3570 et
1438 3502 1468 3568 ii·

348 3613 384 3700 lij
401 3615 501 3682 Perse
518 3636 627 3683 coram
655 3616 805 3703 Capitulo
819 3617 972 3701 Agriensi
988 3615 1119 3683 nomine
1135 3614 1380 3699 possessionum
1403 3629 1467 3679 sua-

348 3743 419 3791 rum
434 3723 711 3791 hereditariarum
724 3730 837 3792 contra
854 3723 995 3790 inuicem
1008 3731 1111 3791 testes
1129 3721 1365 3806 produxerunt,
1382 3719 1443 3786 eti
1460 3751 1468 3761 ·

350 3837 403 3898 cta
418 3829 641 3917 produceione
657 3833 787 3900 testium
805 3834 1013 3900 mencionate
1033 3831 1206 3918 pecierunt
1224 3849 1333 3898 coram
1351 3827 1469 3898 Oomite

348 3939 519 4024 Stephano
536 3939 747 4008 viee-ludios
773 3939 869 4008 Curio
896 3941 1020 4010 domini
1034 3941 1135 4026 Regis
1156 3947 1407 4026 comparentes,
1431 3937 1467 4005 de

348 4046 563 4134 permissione
580 4049 863 4118 eiusdemludicis
880 4070 938 4136 per
950 4050 1122 4118 arbitrium
1139 4049 1314 4138 proborum
1336 4050 1467 4117 uirorum

257 4185 265 4208 =
347 4175 446 4240 super
462 4154 551 4225 laeto
568 4157 712 4241 ipsarum
733 4159 877 4242 quinque
893 4160 1083 4242 porcionum
1098 4167 1194 4244 terre,
1213 4159 1327 4226 taliter
1344 4177 1481 4225 concor-¹

347 4266 461 4334 datum
479 4266 640 4334 extitisset
665 4267 751 4334 inter
767 4275 885 4352 partes,
903 4268 988 4335 sicut
1007 4269 1114 4336 ceiam
1130 4269 1164 4334 id
1180 4267 1213 4334 in
1230 4267 1354 4336 litteris
1373 4267 1467 4354 ipsius

346 4373 484 4442 Comitis
500 4374 661 4459 Stephani
677 4376 900 4444 Vise-Judiois
918 4377 1017 4446 (luris
1029 4376 1153 4444 domini
1173 4377 1274 4458 Regis
1291 4395 1390 4462 super
1406 4377 1468 4462 ipso

345 4482 433 4548 facto
451 4482 611 4549 emanatis
634 4502 790 4566 expresse
813 4482 954 4552 uidimus
972 4485 1150 4554 contineri:
1168 4483 1264 4564 Quod
1280 4485 1310 4549 si
1326 4483 1408 4553 dicti
1422 4485 1467 4553 Ni·

346 4587 508 4656 colasset
533 4589 702 4656 lohannes
719 4590 777 4674 filij
795 4591 933 4661 Comitis
953 4597 1066 4682 Byter,
1083 4614 1156 4663 eum
1173 4593 1337 4682 Dyonisio
1353 4596 1468 4681 Magno
