3082 5166
886 961 961 1030 rte.

370 1159 434 1224 III.
452 1159 559 1224 Errdre
574 1160 680 1247 kirolp
695 1162 869 1248 mepcrliciti
892 1183 970 1226 ozon
986 1163 1153 1227 azereb'dc‘et
1162 1212 1171 1245 ,
1195 1161 1274 1249 mely
1289 1163 1369 1225 ctltol
1390 1162 1455 1226 Wc'r

368 1269 425 1332 dai
440 1269 534 1332 Peter
548 1268 642 1334 Buzd
666 1269 818 1360 telpee'pet
840 1271 949 1334 Vinczi
973 1270 1182 1334 Herbordnalc
1208 1270 1323 1335 clcdta.
1346 1272 1464 1334 1290-

826 1379 913 1441 1300
927 1377 1029 1442 torti.

475 1575 626 1645 Andreas
644 1576 707 1644 Dei
726 1576 842 1662 gracia
861 1575 1040 1659 Hungarie,
1062 1575 1241 1660 Delmaeie‚
1260 1573 1401 1657 Groacic,
1415 1576 1465 1640 Ra-

370 1705 433 1770 me,
450 1685 596 1766 Gallicis,
609 1683 810 1768 Lodomerie‚
827 1683 992 1770 (lomanie,
1010 1683 1227 1771 Bulgcrieque
1242 1685 1322 1766 Rex,
1333 1683 1464 1751 omnibns

370 1795 489 1864 Christi
508 1794 655 1861 fidelibus
675 1812 810 1877 presens
833 1797 988 1880 scriptum
1014 1793 1209 1877 inspecturis
1226 1795 1361 1862 salntem
1377 1793 1408 1860 in
1422 1811 1464 1857 sa-

370 1903 446 1972 lutis
462 1903 630 1988 largitore.
655 1901 707 1967 Ad
723 1901 943 1971 vniuersorum
970 1901 1124 1968 noticiam
1143 1909 1258 1967 tenore
1283 1900 1466 1988 presencium

369 2012 483 2078 harum
500 2009 584 2076 serie
610 2009 759 2077 volumus
775 2010 967 2094 peruenire,
994 2009 1077 2092 quod
1095 2011 1256 2076 accedens
1280 2008 1322 2073 ad
1337 2015 1464 2075 nostram

369 2119 574 2206 presenciam
587 2117 776 2187 Herbordus
793 2117 879 2185 filius
890 2118 1029 2204 Heneng
1040 2119 1082 2186 de
1097 2118 1212 2200 Vinch,
1229 2117 1373 2185 exhibuit
1384 2116 1463 2182 nobis

368 2227 573 2314 priuilegium
598 2223 743 2309 Capituli
767 2225 919 2292 Ecclesie
934 2227 1029 2292 Beati
1054 2225 1225 2294 Michaelis
1246 2225 1463 2292 Transsiluane

370 2354 467 2422 super
482 2334 570 2400 lacto
595 2333 773 2419 empcionis
800 2334 969 2401 cuiusdam
992 2331 1211 2420 possessionis
1238 2333 1395 2399 suoBucd
1416 2351 1464 2398 uo-

370 2446 446 2508 cate
470 2459 529 2525 per
543 2437 681 2506 Tomem
704 2437 805 2506 filium
822 2438 909 2506 Petri
934 2439 975 2506 de
995 2443 1118 2523 Warga
1143 2441 1208 2509 eibi
1232 2439 1348 2507 tradite
1371 2441 1441 2507 conf
1454 2479 1463 2490 ·
1524 2445 1525 2448 ’

369 2555 474 2634 ctnm;
501 2555 617 2634 petens
633 2567 654 2615 a
670 2549 766 2615 nobis
793 2567 864 2614 cum
880 2548 1061 2628 instancia,
1086 2557 1120 2615 ut
1145 2549 1250 2634 ipsum
1276 2548 1462 2633 priuilegium

369 2663 476 2725 retum
500 2657 622 2725 habere
647 2663 680 2724 et
704 2663 815 2726 nostro
850 2655 1060 2744 dignaremur
1084 2657 1257 2744 privilegio
1282 2657 1462 2724 confirmare.

371 2801 411 2813 -
430 2802 472 2812 —
489 2801 532 2813 -
547 2764 645 2835 Ouios
661 2765 793 2848 quidem
809 2763 974 2850 priuilegij
992 2772 1086 2833 tenor
1101 2764 1177 2834 talis
1194 2771 1244 2832 est
1261 2791 1270 2831 :

472 2871 656 2958 Capitulum
679 2873 829 2941 Ecclesie
844 2877 881 2940 B.
898 2873 1069 2942 Michaelis
1088 2873 1153 2942 etb.
1184 2877 1364 2950 (keverkezik
1379 2895 1408 2934 cz
1431 2893 1463 2932 er·

367 2989 444 3062 delyi
460 2989 595 3061 kiptelan
611 2987 792 3061 bizonystga,
808 2989 879 3043 mint
894 2989 979 3044 altbb
1006 2989 1078 3044 175.
1096 3007 1134 3044 sa.
1151 2987 1189 3059 a.)

473 3092 540 3157 Nos
555 3089 640 3174 gitur
655 3089 750 3155 iustis
768 3087 985 3174 peticionibus
1005 3090 1107 3176 ipsine
1125 3088 1286 3158 Herbordi
1310 3085 1458 3157 fauorabi-

367 3199 431 3266 lem
441 3217 633 3266 consensum
643 3195 848 3284 adhibentes,
858 3195 1041 3283 predictum
1052 3199 1259 3286 priuilegium
1269 3195 1404 3283 Capituli
1414 3197 1462 3262 Ec-

368 3303 468 3372 elesic
483 3305 719 3376 transennam
730 3325 794 3372 non
809 3307 1038 3393 cancellatum,
1055 3327 1119 3374 non
1130 3307 1296 3390 abrasum,
1313 3325 1418 3374 nec-
1428 3339 1463 3350 -

369 3449 412 3462 -
428 3411 634 3498 presentibus
650 3413 752 3480 inseri
762 3412 914 3481 faciendo
940 3413 1121 3498 patrocinio
1132 3415 1294 3499 presentis
1303 3411 1399 3482 nostri
1413 3411 1464 3497 pri-

368 3521 480 3609 uilegii
496 3520 644 3588 duximus
670 3519 931 3589 confirmandum.
959 3521 994 3589 ln
1011 3521 1101 3588 onius
1118 3522 1165 3588 rei
1190 3524 1378 3591 memoriam
1401 3538 1462 3606 per·
1522 3583 1523 3586 ,

369 3636 566 3716 petuamque
582 3630 619 3696 fir
631 3663 673 3678 -
685 3667 729 3678 —
742 3667 781 3679 --
792 3631 979 3698 —discreti
996 3631 1057 3698 uiri
1082 3633 1231 3716 magistri
1250 3629 1408 3700 Theodori
1417 3628 1461 3697 ll·

370 3737 481 3804 bensis
498 3737 645 3807 Ecclesie
655 3737 818 3823 Propositi
834 3737 910 3806 aule
926 3745 1035 3808 nostre
1053 3739 1355 3826 vicecancellarii,
1371 3733 1464 3806 dilecti

371 3843 764 3913 mmm--ss-

370 4039 509 4111 (Teutsch
527 4039 558 4096 es
579 4039 740 4106 Firnhaber
762 4039 949 4098 Urknndenb.
972 4059 997 4099 a.
1015 4041 1122 4100 Geseh.
1145 4041 1277 4101 Siebenb.
1296 4042 1360 4102 Lk.
1372 4040 1427 4096 223.
1438 4035 1462 4106 l.)

794 4347 1041 4360 —u—-n-nno
