3094 5168
627 149 790 260 ..F—lil-

147 345 269 410 Datnm
284 344 444 414 Laterani
470 344 508 412 V.
528 345 694 415 kalendas
711 347 902 436 Februarii,
926 349 1142 421 Pontificatnu
1169 355 1276 424 nostri

146 471 232 520 anno
253 450 381 536 quinto.

254 559 291 628 In
320 579 350 628 e.
366 580 409 627 m.
438 560 568 632 dilectis
594 562 671 631 filiis
696 565 835 634 vasallis
850 566 1002 634 neoterio
1027 569 1273 654 Strigonicnsis.

144 668 380 739 Preteritorum
391 671 550 739 exhibitio
561 677 621 740 etc.
636 679 673 740 ut
692 693 792 759 supra
803 693 909 759 nsque
919 677 1042 744 mentio
1052 677 1096 744 sit
1104 675 1273 746 habenda.

145 775 311 856 Quocirca
325 777 536 848 universitati
560 787 671 849 vestre
687 801 747 867 por
773 783 965 868 Apostolica
990 785 1114 870 scripta
1139 788 1273 854 manda·

143 905 235 968 mus,
255 893 417 970 qnatenus
434 888 574 956 eundem
599 889 637 956 (l.
665 896 821 973 tanquam
847 892 1098 959 Procuratorem
1125 894 1273 963 eiusdem

144 991 383 1080 strigoniensis
399 997 552 1065 Ecclesia
569 1019 591 1066 a
607 998 722 1082 nobis,
749 1005 784 1065 ut
799 999 988 1087 predicitur,
1005 1001 1191 1070 ordinatum
1216 1003 1272 1071 de-

144 1102 212 1172 bita
228 1101 476 1174 honorificentia
491 1113 753 1192 prosequentes,
771 1107 802 1172 oi
824 1106 1017 1175 fidelitatem
1035 1109 1185 1198 solitam,
1211 1131 1273 1177 nec

144 1231 208 1278 non
226 1211 342 1279 debita
360 1221 393 1279 et
412 1220 571 1281 consueta
597 1215 735 1281 servitia
759 1221 792 1281 et
817 1214 889 1281 iura
907 1215 1053 1283 eiusdem
1070 1216 1200 1286 avobis
1217 1217 1272 1283 de-

145 1319 213 1388 bita
230 1321 388 1390 exhibere
404 1323 532 1409 integre
548 1321 710 1392 studeatis
727 1349 734 1390 :
759 1323 907 1407 alioquin
918 1324 1115 1391 sententiam
1129 1325 1201 1392 sive
1217 1344 1272 1411 pc·

145 1447 232 1515 nam,
250 1449 331 1514 quas
348 1431 436 1500 idem
453 1435 491 1502 G.
507 1433 570 1500 rite
595 1433 707 1500 tulerit
722 1450 781 1498 seu
797 1432 951 1500 statuerit
964 1434 997 1500 in
1014 1433 1164 1519 rebelles,
1180 1442 1272 1503 ratas

143 1538 352 1624 habebimus,
378 1544 410 1606 et
433 1540 591 1609 iaciemus
608 1545 744 1607 auctore
758 1537 919 1624 Domino,
946 1557 1051 1624 usque
1077 1537 1122 1607 ad
1139 1539 1270 1610 satisfa-

144 1649 284 1716 ctionem
301 1646 498 1732 condignam
516 1647 754 1718 inviolabiliter
771 1647 953 1716 observari.
971 1645 1095 1716 Datum
1111 1650 1271 1718 Laterani

143 1755 179 1822 V.
195 1754 361 1824 kalendas
378 1755 561 1841 Februarii,
578 1755 793 1824 Pontificatus
809 1757 913 1823 nostri
929 1776 1018 1824 anno
1035 1757 1158 1840 quinto.

249 1865 290 1931 In
318 1886 347 1929 e.
363 1884 407 1930 m.
432 1865 680 1934 venerabilibus
703 1863 861 1934 fratribus
878 1866 1105 1952 Suffraganois
1121 1865 1271 1935 Ecclesia

143 1972 401 2061 strigoniensis„
414 1975 649 2042 Preteritorum
676 1974 836 2042 exhibitio
853 1981 915 2045 etc.
932 1983 969 2043 nt
988 1995 1208 2064 supinusque
1226 1977 1270 2044 sit

142 2082 308 2150 habenula.
335 2082 498 2164 Quocirca
514 2083 713 2153 fraternitati
730 2089 840 2152 vestre
852 2103 912 2171 per
927 2084 1119 2170 Apostolica
1144 2087 1270 2172 scripta

144 2191 355 2280 mandamus,
382 2197 567 2276 qnatenus,
598 2193 706 2261 eidem
722 2192 761 2259 (l.
787 2201 945 2277 tanquam
961 2195 1168 2263 Procuratori
1184 2195 1271 2262 dicte

144 2299 381 2385 strigoniensis
396 2299 548 2368 neoterio
564 2320 586 2369 a
601 2301 708 2388 nobis,
724 2307 760 2367 ut
774 2301 965 2387 predicitur,
983 2299 1144 2388 ordinato,
1155 2321 1267 2386 quam-

142 2409 198 2476 din
214 2409 477 2493 procurationem
495 2415 527 2478 et
546 2407 864 2479 administrationem
879 2411 984 2497 ipsius
1001 2412 1152 2499 gesserit,
1173 2411 1269 2480 obse·

143 2523 292 2606 quantes,
308 2523 341 2586 et
356 2517 550 2588 exhibentes
561 2520 593 2587 ei
604 2519 826 2589 obedientiam
843 2527 877 2588 et
891 2521 1107 2590 reversetiam
1123 2519 1268 2588 debitam

143 2631 176 2692 ct
189 2625 356 2714 devotam,
374 2627 476 2713 ipsius
501 2626 688 2695 salubribus
705 2627 838 2695 monitis
854 2633 887 2696 et
902 2613 1067 2697 mandatis
1088 2627 1269 2696 efficaciter

143 2731 346 2824 intendatis;
363 2735 409 2801 ita
425 2735 514 2818 quod
538 2743 652 2804 mutua
677 2735 837 2804 intervos
854 2741 887 2802 et
903 2736 1008 2820 ipsum
1026 2736 1135 2820 gratia
1154 2739 1268 2822 gratos

141 2843 299 2910 sortiatur
314 2842 470 2932 effectus,
487 2848 520 2913 et
535 2865 596 2913 nos
613 2843 821 2914 devotionem
849 2851 994 2911 vestram
1009 2844 1174 2928 pessimus
1193 2862 1267 2928 pro·

141 2957 258 3037 pterea
278 2953 311 3019 in
337 2952 477 3020 Domino
493 2971 557 3020 non
574 2953 736 3022 immerito
753 2953 991 3020 commendare.
1017 2949 1173 3034 Aliequin
1193 2969 1268 3018 sen·

141 3060 289 3144 tentiam,
307 3080 405 3145 quam
421 3059 509 3130 idem
526 3061 564 3129 G.
582 3060 644 3128 rite
660 3061 770 3129 tulerit
786 3059 819 3124 in
836 3059 988 3145 rebelles,
1004 3066 1111 3126 ratam
1129 3057 1267 3126 habebi·

139 3189 221 3252 mus,
238 3174 272 3236 et
282 3171 441 3240 faciemus
451 3175 584 3238 auctore
595 3171 736 3238 Domino
747 3187 850 3254 usque
862 3167 907 3234 ad
923 3165 1184 3236 satisfactionem
1194 3183 1267 3231 con·

140 3277 277 3362 dignam
292 3279 529 3348 inviolabiliter
549 3279 731 3347 observari.
743 3279 865 3347 Datum
875 3276 1031 3346 Laterani
1046 3274 1087 3340 V.
1103 3271 1266 3342 kalendas

141 3387 328 3475 Februarii,
345 3387 559 3458 Pontificatus
576 3389 683 3457 nostri
698 3408 783 3456 anno
800 3389 922 3472 quinte.

248 3493 286 3563 In
303 3515 332 3564 e.
357 3519 400 3564 m.
417 3497 545 3567 dilectis
561 3497 639 3565 liliis
667 3497 818 3582 Oapitulo
842 3495 993 3563 Ecclesie
1009 3491 1165 3562 Albensis
1185 3492 1266 3560 Ves-

142 3603 333 3690 primiensis
358 3604 519 3675 Diocesis.
541 3606 774 3674 Preteritorum
798 3603 958 3672 exhibitio
976 3611 1037 3669 etc.
1054 3607 1090 3667 ut
1107 3617 1267 3686 suprano-

140 3732 202 3797 quo
220 3721 311 3782 esset
325 3711 489 3783 habenda.
515 3714 679 3794 Quocirca
695 3712 901 3782 universitati
927 3715 1037 3780 vestre
1051 3729 1110 3795 per
1126 3710 1267 3797 Aposto-

142 3826 204 3894 lica
221 3823 347 3909 scripta
362 3824 564 3907 mandamns,
592 3831 753 3907 qnatenus
770 3819 877 3890 eidem
895 3823 934 3890 G.
956 3827 1112 3904 tanquam
1128 3816 1265 3886 admini-

140 3931 276 4002 stratori
292 3932 440 4000 eiusdem
456 3932 613 4000 Albensis
630 3930 779 4000 Ecclesie
797 3930 939 4015 anobis,
957 3937 994 3997 ut
1008 3928 1197 4015 predicitur,
1215 3943 1264 3993 or-

139 4043 263 4129 dinato,
280 4041 436 4127 quamdiu
456 4040 774 4110 administrationem
790 4038 975 4108 huiusmodi
991 4036 1138 4120 gesserit,
1160 4033 1264 4100 humi-

139 4153 212 4218 liter
228 4148 449 4234 intendentes,
467 4157 501 4218 et
518 4150 711 4219 exhibentes
728 4150 759 4218 ci
774 4158 931 4232 tanquam
949 4147 1098 4215 eiusdem
1114 4144 1266 4212 Ecclesia

140 4259 297 4328 Albensis
314 4259 486 4344 Proposito
498 4259 717 4329 obedientiam
727 4266 760 4327 et
769 4257 987 4327 reverentiam
999 4253 1146 4322 debitam
1165 4256 1198 4320 at
1213 4251 1266 4320 de·

138 4373 261 4454 votam,
278 4364 350 4434 eius
366 4366 512 4434 salubria
527 4369 650 4436 monita
668 4374 702 4436 et
717 4365 875 4434 mandata
885 4362 1075 4449 suscipiatis
1092 4359 1213 4429 devote
1225 4378 1266 4427 aa

139 4473 316 4544 efficaciter
326 4474 510 4562 adimplere
532 4475 670 4547 curetis:
687 4474 835 4560 alioquin
850 4470 1056 4558 sententiam,
1068 4488 1165 4554 quam
1176 4466 1265 4538 idem
