3144 5180
844 233 886 298 22

307 451 389 514 mus,
408 439 444 498 nt
460 433 607 518 hospites
618 433 723 500 nostri
740 433 901 501 antedicti
911 451 1117 518 quocumque
1133 451 1193 518 per
1208 441 1331 500 terram
1342 439 1427 498 tran·

307 541 405 606 situm
423 541 533 608 facere
558 541 741 625 voluerint,
767 541 930 610 derebus
955 543 1097 627 ipsorum
1125 539 1247 607 nntium
1273 541 1427 606 tributum

308 669 369 715 nec
386 649 421 714 in
439 647 636 729 Gertahida,
660 649 693 713 in
710 647 921 734 Balwanius,
945 651 1056 718 necin
1074 650 1204 717 Desuar
1219 649 1300 716 dare
1318 659 1351 717 et
1367 651 1428 718 sot·

308 777 386 824 nere
402 764 586 825 teneantur.
612 759 655 826 ht
669 759 731 826 hec
754 761 865 827 omnia
880 760 1028 844 superius
1052 777 1112 844 per
1129 777 1189 826 nos
1215 759 1380 844 ordinata,
1396 765 1427 824 et

308 886 367 954 per
383 867 551 934 dominnm
576 870 689 935 Belem
705 873 738 934 et
762 867 966 956 Stephanum
991 868 1142 934 illustres
1160 870 1266 951 Reges
1282 867 1430 952 Vngaric

309 975 393 1060 ipsis
409 975 594 1061 hospitibus
621 977 742 1044 nostris
759 978 840 1044 data
865 975 996 1042 inerant
1009 982 1044 1042 et
1069 995 1235 1043 concessa.
1263 975 1305 1040 vt
1321 983 1430 1042 antem

310 1083 372 1148 hee
389 1083 559 1150 ordinacio
575 1089 687 1150 nostra
703 1083 802 1151 rohnr
818 1085 968 1170 optineat
985 1090 1142 1170 perpetue
1158 1083 1343 1169 firmitatis,
1370 1103 1431 1151 nec

311 1191 378 1258 nilo
395 1209 538 1273 unquam
556 1197 704 1278 tempore
719 1211 780 1276 per
795 1191 981 1278 qnempiam
993 1191 1026 1259 in
1042 1192 1167 1258 irritum
1185 1191 1291 1276 possit
1307 1190 1361 1259 nel
1378 1213 1432 1258 va·

311 1299 378 1366 leat
393 1298 565 1382 reuocari,
591 1306 760 1384 presentes
777 1299 1000 1366 concessimus
1016 1300 1146 1366 litteras
1170 1299 1311 1384 duplicis
1328 1299 1432 1382 sigilii

312 1407 416 1475 nostri
426 1408 600 1472 munimine
610 1407 793 1475 roboratas.
804 1407 925 1475 Datum
941 1427 1124 1494 permanes
1135 1408 1198 1476 viri
1209 1407 1352 1492 disereti,
1365 1429 1433 1474 ma·

310 1515 404 1601 gistri
420 1511 587 1583 Theodori
603 1515 766 1600 Prepositi
782 1517 949 1600 Albensis,
975 1518 1052 1584 aule
1072 1523 1185 1585 nostre
1200 1517 1433 1584 vice-Cancel-

313 1625 387 1710 larij
405 1621 514 1691 dilecti
531 1623 683 1692 etfidelis
700 1625 815 1692 nostri.
833 1625 928 1693 Anno
941 1627 1073 1694 Domini
1082 1625 1131 1693 Μο
1141 1625 1434 1710 00⁰nonagesimo

313 1733 426 1820 primo,
444 1737 562 1799 octauo
573 1734 652 1802 Idus
669 1733 834 1820 ianuarij,
852 1734 959 1820 Regni
970 1741 1079 1802 autem
1091 1735 1196 1802 nostri
1217 1754 1303 1802 anno
1320 1735 1433 1818 primo.

314 1966 354 2038 (A
367 1968 638 2026 hotone-monostori
658 1971 785 2024 convent
798 1966 942 2022 lucetii
960 1963 1137 2038 thrattbol,
1156 1965 1235 2022 Deae
1249 1965 1336 2024 viros
1349 1963 1433 2022 level·

692 2056 825 2116 tarthan.
838 2057 922 2114 santet
935 2055 1057 2128 Koroly.)

743 2365 1010 2380 ω

853 2941 905 3006 tt.

320 3137 510 3206 itinerare
536 3135 644 3224 kircily
668 3136 727 3202 IV.
744 3135 922 3202 Martenoi
947 3159 969 3200 a
993 3137 1115 3202 dtzmok
1140 3141 1257 3203 re'szere
1283 3139 1439 3204 1279-osn
1549 3179 1550 3236 p

319 3249 444 3316 kiadott
468 3243 738 3332 kiodlteoipleoetet
761 3245 862 3311 cheirol
885 3247 977 3310 azoro
1002 3249 1109 3310 ccccc
1132 3246 1318 3331 moperhaiti.
1344 3247 1440 3311 1291.

427 3441 607 3532 (A)ndreas
631 3443 695 3512 Dei
718 3443 834 3530 gracia
859 3442 1050 3528 Hungarie,
1075 3441 1265 3526 Dalmacie‚
1291 3443 1440 3526 Oroacie,
1549 3469 1550 3520 3

321 3557 444 3641 Reme,
462 3553 577 3622 Sernie
587 3603 597 3637 ,
615 3551 777 3636 Gallicis,
794 3550 1012 3635 Lodomerie,
1029 3551 1187 3618 Cumanis
1197 3599 1207 3636 ,
1222 3551 1442 3638 Butgarieqne

319 3665 391 3730 Rex
407 3661 556 3732 omnibns
572 3659 692 3730 Ohristi
708 3660 860 3728 fidelibus
872 3665 1057 3745 presentem
1071 3661 1227 3744 paginam
1246 3659 1443 3744 inspecturis

323 3771 460 3840 salutem
486 3768 520 3833 in
537 3768 681 3836 omnium
706 3770 881 3836 saluatore.
908 3767 959 3833 Ad
975 3767 1201 3834 universorum
1217 3767 1373 3834 noticiam
1397 3775 1443 3835 te·

322 3901 402 3949 nore
417 3877 625 3965 presencium
635 3879 750 3944 harum
761 3877 845 3944 serie
855 3877 1004 3944 volumus
1021 3876 1202 3960 pervenire,
1214 3877 1303 3958 quod
1313 3877 1443 3943 uiltieus

324 3996 358 4060 et
373 3985 522 4072 hospites
547 3983 651 4052 nostri
668 3987 709 4054 de
725 3987 885 4054 Deeswar
909 3984 953 4053 ad
975 3993 1121 4053 nostram
1149 3988 1347 4052 accedentes
1372 4005 1443 4074 pre·

198 4109 207 4134 ²
324 4095 472 4165 senciam
483 4092 703 4162 exhibuerunt
712 4097 808 4163 nobis
818 4095 1026 4182 priuilegium
1038 4093 1206 4161 karissimi
1219 4092 1331 4160 fratris
1341 4093 1443 4162 nostri

324 4205 425 4289 Regis
440 4203 602 4289 Ladinlay
620 4203 708 4270 clere
725 4203 887 4287 memorie,
913 4203 1052 4270 formam
1070 4211 1101 4266 et
1117 4209 1259 4270 tenorem
1277 4201 1442 4288 priuilegij

325 4313 491 4384 karissimi
508 4311 564 4378 ani
579 4311 704 4396 nostri,
729 4312 889 4397 Stephani
906 4313 1005 4398 Regis
1032 4311 1173 4380 illustris
1200 4311 1443 4379 recordacionis

326 4421 521 4494 continentis
539 4427 572 4490 et
597 4419 818 4490 confirmantis
843 4423 960 4490 seriem
985 4421 1089 4488 ceiam
1117 4421 1299 4486 litterarum
1324 4421 1441 4505 Ireney
1549 4507 1550 4510 Ἴ

327 4532 413 4604 Beni
428 4530 591 4618 qnondam
615 4527 844 4598 Transsiluani
871 4528 1088 4606 includentis.
1113 4549 1211 4615 super
1227 4530 1314 4597 tacto
1340 4533 1441 4596 status
