3094 5168
832 301 985 400 ἕξ-

346 501 421 586 pnis
439 499 542 566 eciam
560 509 592 566 et
609 500 758 585 iniurijs,
780 518 843 584 que
861 519 920 582 pro
937 497 1092 566 lidelitote
1106 499 1201 566 nobis
1218 497 1329 567 debita
1343 518 1402 584 per
1419 499 1467 564 in·

344 607 456 674 fideles
472 607 577 691 Regni
603 609 704 674 nostri
721 613 770 676 est
786 626 973 692 perpessus,
992 617 1024 674 et
1040 609 1230 694 specialiter
1254 627 1311 693 per
1325 607 1467 693 Stepha-

345 736 420 782 num
437 716 559 786 diolum
586 717 718 782 Thouth
743 717 938 783 seruientem
964 717 1125 783 Johannis
1142 715 1201 801 filij
1226 715 1352 781 Herrioi
1378 725 1466 786 tune.

346 844 417 891 oum
445 831 587 892 oestrum
605 824 810 910 Symigiense
827 825 1062 906 obsideremus,
1083 834 1132 891 est
1148 843 1335 909 perpessus,
1351 825 1384 888 in
1401 843 1467 906 quo

345 932 474 1015 quidem
492 932 715 998 destruccione
726 931 768 995 ad
785 933 931 1013 ualerem
945 933 1156 998 ducentarum
1178 949 1357 998 marearum
1374 930 1465 995 dam-

347 1041 401 1124 pni
418 1048 469 1106 est
485 1041 673 1124 perpessus,
699 1047 794 1125 prout
819 1041 851 1104 in
868 1042 984 1106 littoris
1001 1040 1143 1124 Capituli
1168 1040 1380 1106 Posonieusis
1399 1039 1463 1121 ple-

346 1149 419 1216 nius
435 1148 575 1215 uidimus
586 1147 752 1214 contineri.
765 1151 800 1211 ln
813 1153 1154 1230 recompensacionem
1177 1148 1276 1233 igilur·
1292 1155 1338 1210 tot
1353 1153 1463 1212 eltan-

346 1265 452 1322 torum
468 1256 677 1324 seruieiorum
695 1264 728 1321 et
744 1257 957 1340 dampnorum
977 1257 1078 1340 ipsius
1095 1257 1229 1322 Comitis
1258 1257 1343 1324 Petri
1360 1255 1464 1338 predi·

348 1372 434 1432 cram
449 1370 567 1430 terram
584 1365 708 1450 Semky
725 1367 768 1430 ab
785 1365 934 1431 omnibus
950 1365 1136 1430 reuocando
1153 1367 1194 1431 de
1210 1384 1294 1432 nouo
1320 1364 1464 1432 dedimus
1521 1362 1522 1394 ³

349 1479 381 1540 et
397 1472 592 1540 contulimus
619 1469 724 1537 eidem
741 1472 857 1538 Oomiti
886 1481 918 1537 et
935 1470 1019 1560 (lgy)
1036 1475 1152 1557 Petro,
1180 1479 1212 1536 et
1230 1493 1286 1557 per
1311 1492 1384 1538 eum
1401 1471 1463 1535 suis

346 1578 535 1664 heredibus,
547 1579 769 1662 heredumque
780 1600 910 1647 suorum
927 1583 1179 1666 suecessoribus,
1198 1583 1269 1648 siue
1286 1580 1463 1666 preludieio

347 1698 457 1755 tamen
473 1686 553 1752 iuris
570 1689 690 1768 alieni,
717 1689 778 1753 sub
796 1689 919 1754 eisdem
937 1690 1031 1754 ruetis
1048 1695 1080 1755 el
1096 1689 1256 1769 terminis,
1281 1689 1399 1770 quibus
1416 1707 1462 1753 ee·

348 1797 421 1864 dem
438 1796 728 1884 terroSemkyper
745 1799 835 1880 ipsos
846 1808 1031 1864 castrenses
1044 1799 1185 1864 limitata
1196 1799 1302 1862 extitit
1312 1814 1462 1881 possessa

346 1907 436 1972 luere
453 1901 539 1990 (lgy)
555 1913 713 1991 perpetuo
730 1914 763 1972 et
779 1906 1037 1974 inenodabiliter
1052 1908 1298 1994 possidendam.
1323 1907 1361 1971 Iu
1379 1907 1462 1973 euius

348 2015 396 2082 rei
412 2013 600 2080 memoriam
628 2013 877 2096 firmitatemque
903 2025 1092 2100 perpetuum
1118 2022 1287 2098 presentes
1307 2017 1461 2080 consessi-

348 2143 419 2189 mus
435 2123 563 2188 litteras
581 2122 746 2207 duppliois
767 2123 867 2205 sigilli
886 2125 988 2190 nostri
1005 2125 1181 2190 munimine
1201 2123 1384 2191 roboratos.
1404 2127 1461 2192 Dn-

349 2239 492 2315 lumper
513 2251 627 2298 manus
652 2233 800 2318 religiosi
817 2241 850 2300 et
866 2234 998 2298 disereti
1015 2235 1077 2300 viri
1103 2231 1144 2297 de
1171 2233 1284 2299 ordino
1310 2233 1460 2300 llinornm

350 2358 390 2404 ao
405 2341 603 2408 venerabilis
620 2340 723 2426 patris
740 2341 863 2408 domini
881 2343 1009 2408 Annooi
1025 2343 1087 2408 Dei
1104 2342 1221 2426 grania
1237 2341 1393 2428 llpiseopi
1410 2345 1459 2409 Eo·

351 2450 451 2516 olesie
473 2448 712 2518 Ouenediensis
738 2451 814 2516 aule
838 2455 949 2517 nostre
977 2449 1292 2534 Vioe-Ganeellsrij‚
1310 2449 1419 2516 dilecti
1433 2461 1459 2516 et

349 2553 456 2623 fidelis
472 2559 585 2638 nostri,
611 2579 696 2624 anno
712 2557 845 2626 Domini
870 2561 918 2624 Mn
943 2557 1013 2625 00⁰
1037 2557 1251 2642 nonagesimo
1269 2565 1394 2640 octeno,
1418 2573 1459 2622 se·

349 2665 452 2751 ptimo
468 2665 630 2734 kalendas
647 2666 799 2752 Augusti,
815 2667 916 2749 Regni
936 2675 1044 2732 autem
1059 2666 1161 2732 nostri
1179 2685 1266 2732 anno
1283 2687 1377 2734 nono.

351 2857 496 2930 (Hdrtydn
509 2860 680 2932 gydnyllrlln
703 2863 776 2918 irre.
790 2861 972 2935 Vltrlissdrga
995 2862 1123 2932 selymen
1137 2881 1154 2918 a
1173 2857 1399 2933 peesdttllrede'k.
1410 2859 1457 2912 Po-

350 2948 593 3020 zsonylrdptaleni
616 2950 755 3020 orsndgos
777 2950 908 3008 leveltdr.
932 2952 1029 3022 Capsa
1042 2951 1078 3005 X.
1091 2951 1174 3008 Fese.
1191 2953 1213 3004 1.
1229 2953 1297 3007 Nro.
1311 2953 1335 3006 2.
1354 2953 1458 3018 Kaous.)

796 3258 1026 3272 *flu—*-
