3072 5168
328 1035 376 1106 Aa
391 1039 509 1126 cdelpc·
524 1039 683 1126 tepentem
708 1036 988 1124 br'zepysdyleeelc,
1015 1037 1251 1103 birtekcoerdrdl
1275 1061 1314 1102 ez
1329 1037 1445 1124 erddlpi

582 1147 713 1234 plloplile
730 1149 762 1210 ts
774 1145 907 1211 Samson
916 1145 980 1230 fici
995 1145 1075 1212 tect.
1092 1146 1189 1210 1296.

433 1345 624 1431 Capitulum
639 1343 788 1412 Ecclesie
805 1341 901 1410 Beati
928 1343 1100 1410 Michaelis
1119 1342 1319 1425 Archangeli
1345 1344 1445 1410 Trau-

324 1453 468 1522 silvauie
483 1453 649 1520 uniuersis
676 1461 709 1520 et
725 1451 863 1536 singulis
880 1451 1000 1536 quibua
1023 1457 1196 1536 presentes
1222 1451 1445 1532 ostenduntur,

325 1563 466 1630 sentem
492 1565 525 1630 in
552 1563 698 1659 emnium
720 1561 897 1628 calcatore.
925 1563 968 1628 Vt
993 1559 1090 1647 gesta
1115 1561 1301 1643 bominum,
1329 1580 1445 1645 queen

324 1673 410 1739 boue
426 1665 546 1736 mentis
563 1667 745 1754 preposito,
772 1667 926 1750 bonaque
942 1668 1186 1738 deliberacione
1206 1667 1443 1736 interveniente

324 1776 404 1844 dunt
418 1778 451 1848 ie
469 1786 638 1862 tempere,
665 1795 725 1844 nee
740 1797 800 1862 per
816 1777 998 1844 contraries
1013 1777 1202 1844 uoluntates
1221 1797 1282 1861 per
1297 1781 1443 1862 tempora

326 1885 498 1952 elabantur
514 1885 558 1952 ad
574 1890 769 1970 perpetuam
795 1885 841 1954 rei
862 1887 1070 1972 memoriam,
1097 1885 1349 1971 patrocinioque
1373 1905 1443 1975 eou-

325 2000 500 2064 sueverent
516 1993 702 2060 litterarum
730 1991 846 2060 eadem
864 1965 1065 2080 communita
1091 1993 1232 2060 Proinde
1257 1992 1301 2058 ad
1322 1993 1443 2060 velum-

327 2121 435 2172 sorum
453 2109 485 2168 et
511 2103 714 2185 singulorum
732 2101 886 2170 noticiam
913 2102 1029 2168 barum
1045 2103 1196 2170 uolumus
1222 2102 1309 2168 acris
1334 2119 1442 2187 pervc-

326 2210 396 2278 nire
412 2210 614 2286 litterarum,
639 2211 727 2294 quod
752 2211 954 2278 venerabilis
982 2219 1076 2294 pater
1092 2213 1128 2278 P.
1152 2209 1215 2278 Dei
1242 2207 1359 2294 gracie
1374 2209 1443 2292 lipi-

328 2337 449 2405 scopus
468 2320 725 2406 Transilvauus,
752 2321 901 2388 Prelatus
917 2327 1050 2404 uester,
1075 2328 1171 2407 prout
1187 2319 1373 2388 Ecclesiam
1389 2321 1443 2386 Be·

327 2427 373 2495 ati
389 2429 561 2497 Michaelis
577 2434 648 2519 ipso
664 2431 805 2498 feliciter
821 2431 1027 2514 gubernante
1044 2451 1175 2518 semper
1185 2429 1377 2515 profuturus
1392 2448 1442 2494 cx·

327 2535 411 2620 titit,
433 2537 484 2604 ite
499 2544 532 2606 et
548 2541 814 2624 insubsequeuti
839 2539 1034 2606 concambio
1063 2539 1243 2605 intersum
1269 2544 1304 2605 et
1318 2539 1443 2605 Petrum

327 2644 495 2733 Comitem,
512 2647 703 2733 magistrum
722 2649 874 2733 Saulem,
892 2655 925 2715 et
939 2647 1127 2735 Nyeelaum
1151 2646 1251 2713 filium
1267 2646 1372 2734 ipsius
1389 2646 1444 2712 Co-

331 2755 419 2823 mitis
435 2755 535 2841 Petri,
552 2754 610 2822 filii
625 2757 819 2840 Sampsouis
836 2756 1015 2840 celebrate,
1032 2755 1192 2842 premisso
1209 2756 1380 2824 nobiscnm
1396 2755 1443 2821 di·

324 2862 439 2948 ligeuti
450 2867 600 2946 tractatu,
618 2871 652 2930 et
668 2870 779 2932 nestro
796 2863 839 2930 ad
855 2862 917 2932 hoe
928 2882 1089 2932 consonae
1100 2863 1293 2944 accedente,
1311 2865 1443 2930 meliora

326 2970 552 3056 prospiciens,
578 2973 678 3039 telem
696 2971 915 3058 possessionis
932 2973 1215 3056 permutationem
1233 2971 1444 3057 solempniter

326 3077 563 3157 celebrantem
579 3077 660 3144 data
670 3077 1012 3164 terraKunccduyuar
1024 3087 1151 3158 veeste,
1160 3079 1258 3164 juxta
1267 3079 1442 3165 Moriaium,

326 3185 382 3252 ubi
399 3195 474 3256 sunt
489 3185 551 3254 rite
568 3186 735 3271 ductilis,
752 3187 972 3274 uanyuar,
989 3189 1135 3256 secunda
1155 3207 1233 3257 vere
1248 3188 1379 3276 Foludij
1394 3212 1444 3257 ne

325 3295 461 3381 minuta,
479 3301 512 3363 et
527 3293 592 3362 due
607 3295 757 3366 Ecclesie
772 3295 915 3382 lapidee,
931 3317 998 3364 una
1016 3296 1170 3366 videlieet
1185 3297 1337 3366 Ecclesia
1354 3297 1443 3364 Reeti

324 3403 505 3486 Michaelis,
522 3410 556 3472 et
572 3407 678 3472 altera
693 3405 805 3474 Sancti
822 3405 957 3492 Georgij
975 3409 1138 3494 martyris,
1163 3428 1184 3474 a
1204 3407 1363 3493 predictis
1380 3408 1442 3473 Pe·

325 3518 374 3579 tro
390 3511 535 3598 Gemite,
560 3515 720 3600 magistro
736 3517 853 3599 Saule,
880 3521 913 3580 et
939 3515 1086 3601 Nyeolao
1112 3513 1179 3580 filio
1196 3513 1334 3584 Comitis
1360 3517 1443 3583 Petri

326 3639 398 3686 cum
415 3623 566 3689 omnibus
582 3619 779 3692 utilitatibus
796 3631 829 3691 et
845 3623 1079 3708 pertinenciis,
1095 3629 1190 3711 prout
1204 3621 1305 3692 iidem
1326 3643 1367 3691 ex
1383 3622 1444 3693 cel-

326 3729 459 3798 lacione
483 3731 581 3818 Regis
599 3733 759 3816 Stephani
783 3732 897 3799 inclite
922 3733 1097 3814 memorie,
1123 3733 1318 3814 abantiquo
1335 3751 1443 3818 posse

325 3837 417 3905 disse
432 3836 671 3925 dignoscuntur
680 3891 690 3927 ,
707 3840 794 3909 idem
809 3840 1011 3908 uenerabilis
1027 3847 1121 3926 pater
1140 3839 1316 3922 quamdam
1333 3841 1441 3908 villaro

324 3946 567 4033 Episccpelem,
584 3951 678 4018 sitam
695 3951 786 4015 iuxta
803 3945 971 4035 Aranyas,
988 3947 1115 4016 Foikod
1131 3956 1294 4032 uocatam,
1312 3949 1368 4017 ubi
1385 3949 1440 4016 Ec·

325 4054 427 4123 clesia
442 4055 555 4122 Sancti
570 4057 671 4143 Regis
688 4055 848 4143 Stephani
865 4063 1054 4126 constructa
1069 4057 1228 4140 hebetur,
1244 4074 1284 4121 oo
1296 4057 1375 4141 jure
1390 4075 1439 4122 ee·

307 4149 388 4248 'quo
402 4165 613 4252 plenitudino,
630 4185 696 4251 qua
711 4165 799 4232 idem
816 4164 966 4234 domiuus
983 4166 1178 4254 Episcopus,
1202 4169 1236 4232 et
1250 4163 1302 4230 sui
1327 4165 1440 4248 prede·

324 4293 484 4357 cessores,
501 4276 534 4343 iu
551 4273 786 4360 temporalibus
804 4275 998 4359 pessedisse
1017 4275 1276 4360 dignoscuntur,
1293 4273 1440 4339 similiter
1504 4266 1506 4268 ’

326 4403 399 4453 oum
414 4385 562 4452 omnibus
578 4384 773 4456 utilitatibus
790 4391 823 4453 et
839 4385 1053 4473 pertinenciis
1069 4385 1150 4468 suis,
1166 4383 1198 4452 iu
1215 4381 1438 4452 concambium

325 4493 425 4577 dedit,
442 4501 475 4560 et
490 4493 550 4562 sub
567 4495 661 4560 titulo
686 4494 939 4578 permutacionis
955 4491 1035 4562 viris
1051 4493 1235 4577 assignavit
1261 4491 1437 4561 antedictis
