3094 5168
812 305 972 415 323-

329 501 479 571 llcclesie
494 504 591 570 Beati
606 503 738 573 Martini
764 507 799 573 in
816 509 931 572 eadem
947 503 1092 572 Ilmeuch
1118 506 1306 572 constructe
1329 499 1455 567 disten-

328 609 415 676 ditur
431 608 595 696 usquead
611 615 700 682 latus
727 613 815 679 curie
831 610 974 699 Philippi
994 609 1036 678 de
1063 610 1180 677 eudem
1196 607 1362 694 limenun,
1389 603 1453 692 (et)

329 723 464 804 separat
480 725 609 802 partem
625 720 704 788 dicti
721 719 843 788 domini
860 719 1023 805 Prepesiti
1040 718 1083 788 ab
1094 715 1259 802 aquilone,
1276 723 1309 783 et
1325 713 1452 800 porcio·

327 845 403 892 nem
422 826 622 897 Herbordia
647 827 805 917 meridie;
822 827 941 896 deinde
959 847 1029 894 enm
1047 835 1106 912 p'er
1131 824 1268 894 eandem
1293 825 1452 891 directam

328 934 419 1001 viam
434 934 571 1004 deberet
586 937 691 1005 ueniri
717 935 757 1002 sd
773 944 901 1022 portum
926 935 1113 1004 arundineti
1130 955 1189 1020 per
1207 951 1314 1015 aquas
1329 933 1452 998 Ferteu

328 1038 476 1110 distincti
493 1043 536 1110 de
550 1044 667 1112 eadem
692 1044 774 1111 villu
789 1042 957 1124 Ilmeuch,
982 1046 1113 1130 aparte
1134 1041 1255 1107 Ferteu
1272 1037 1336 1106 due
1361 1057 1453 1103 man-

328 1149 438 1218 siones
463 1157 633 1221 cesserunt
648 1151 822 1240 Proposito
847 1172 927 1237 sepe
952 1151 1039 1219 dicto
1056 1149 1098 1217 ab
1115 1148 1291 1233 aquilone,
1316 1147 1451 1214 terciam

333 1263 442 1324 autem
474 1259 697 1344 mansionem,
723 1259 848 1329 eisdem
874 1260 1004 1327 duabus
1029 1256 1254 1326 mansionibus
1274 1253 1451 1355 ameridie

329 1366 517 1449 contiguam
535 1373 568 1434 et
591 1369 742 1450 uicinam,
759 1367 962 1450 reliquerunt
987 1387 1025 1434 eo
1043 1367 1159 1452 m0d03
1186 1365 1273 1450 quod
1298 1364 1327 1431 si
1342 1363 1448 1446 ipsam

329 1471 479 1542 domiuus
495 1477 685 1561 Prepesitus
711 1476 744 1542 iu
760 1475 876 1543 eadem
904 1475 985 1543 silla
1010 1474 1158 1542 llmedch
1182 1493 1254 1543 cum
1279 1473 1451 1540 honestate

329 1601 389 1651 sue
414 1583 589 1670 dignitatis
614 1583 747 1654 nomine
770 1584 922 1653 Ecclesia
946 1603 1003 1654 sue
1028 1582 1178 1670 recipere
1201 1578 1363 1664 uoluerit,
1390 1577 1452 1674 erit

331 1711 411 1778 sna;
429 1696 461 1756 et
477 1691 506 1759 si
522 1711 583 1761 sus
599 1691 708 1779 inerit,
732 1712 828 1779 super
844 1692 961 1761 eadem
977 1692 1169 1776 mansione;
1186 1687 1337 1772 alioquin
1352 1703 1450 1770 snper

329 1797 399 1866 alia
414 1800 594 1886 mansione,
610 1805 646 1867 ut
662 1800 889 1888 premisimus,
907 1799 1053 1886 erigetur
1068 1805 1166 1885 meta,
1185 1803 1219 1863 et
1234 1815 1294 1882 per
1312 1793 1448 1862 eandem

330 1911 448 1974 metam
466 1906 605 1978 intrabit
621 1909 655 1976 in
672 1907 906 1975 arundinetum
921 1926 981 1976 seu
1002 1905 1176 1992 paludem;
1201 1911 1235 1970 et
1251 1900 1449 1970 circumscri-

336 2013 455 2101 peione
471 2015 562 2084 illius
585 2022 671 2084 mete
696 2015 791 2082 uadit
815 2033 931 2084 versus
956 2013 1159 2082 occidentem
1181 2031 1269 2095 equa
1294 2010 1450 2078 diuisione

333 2118 377 2186 ad
391 2121 554 2206 piscinam
571 2121 710 2190 Homieu
721 2127 886 2208 uocatam,
903 2128 1026 2190 etcum
1045 2123 1124 2189 illue
1136 2119 1334 2206 peruenerit,
1350 2119 1450 2203 ipsam

333 2227 496 2316 piscinam
511 2229 653 2298 Homien
669 2229 713 2297 ad
730 2231 779 2299 ius
795 2229 959 2318 Prepesiti
986 2235 1144 2315 separant
1169 2227 1348 2297 arundines
1371 2246 1392 2293 a
1406 2225 1449 2312 pi·

334 2336 429 2405 seina
444 2338 551 2422 Bour,
578 2357 641 2420 que
658 2345 709 2406 eet
733 2338 863 2424 piscina
878 2337 956 2407 dicti
976 2339 1123 2423 magistri
1138 2335 1324 2424 Herbordi;
1349 2343 1382 2402 et
1396 2335 1448 2400 ab·

334 2443 412 2512 hinc
427 2445 546 2515 diuisio
562 2444 752 2514 huiusmodi
769 2447 801 2513 in
818 2445 914 2531 aquis
930 2445 1134 2532 protenditur
1155 2463 1261 2528 usque
1278 2443 1324 2511 ad
1338 2443 1450 2509 Ferteu

334 2570 498 2637 magnum,
515 2552 725 2640 porcionibus
741 2553 895 2623 videlicet
910 2553 1075 2639 Prepesiti
1091 2553 1134 2620 ab
1155 2553 1324 2638 aquilone,
1341 2559 1374 2618 et
1388 2569 1448 2616 ma·

334 2659 432 2747 gistri
447 2657 609 2726 Herbordi
626 2679 648 2726 a
664 2661 802 2730 meridie
818 2681 949 2749 semper
967 2660 1225 2730 remanentibus.
1243 2661 1330 2730 Item
1346 2661 1450 2726 Petro·

334 2773 448 2838 natum
464 2767 613 2837 Ecclesia
630 2767 726 2835 Beati
743 2768 877 2836 Martini
902 2769 1052 2854 superius
1069 2767 1157 2838 dicte
1181 2788 1255 2837 eum
1273 2767 1396 2834 ambitu
1412 2765 1448 2829 ci·

336 2875 457 2962 miterij
482 2876 546 2944 sibi
571 2876 784 2945 communiter
810 2883 1035 2946 reseruarunt.
1061 2877 1144 2945 ltem
1170 2875 1346 2961 quamdam
1362 2871 1450 2962 pisci-

335 3005 411 3052 nam
427 2983 559 3071 Zylrtou
574 2990 737 3067 vocatam,
754 2989 818 3068 qne
835 2992 887 3054 est
901 2986 994 3053 iuxta
1008 2987 1193 3075 predictam
1210 2984 1405 3068 Ecclesiam,
1420 2987 1449 3048 et

335 3092 512 3161 ameridie
527 3092 634 3160 tendit
657 3113 773 3164 uersus
789 3095 999 3181 aquilonem,
1025 3093 1162 3164 induas
1186 3093 1323 3179 equales
1347 3097 1448 3180 partes

337 3201 549 3270 communiter
565 3201 767 3287 diuiserunt;
784 3203 842 3287 its,
859 3201 946 3285 quod
959 3222 1037 3289 pars
1058 3201 1223 3290 Prepesiti
1243 3201 1345 3272 cessit
1359 3198 1450 3268 sibia

337 3313 431 3395 parte
446 3308 527 3376 ville
543 3315 577 3376 et
599 3315 685 3376 terre
711 3329 771 3378 sue
796 3309 838 3376 ab
866 3311 1038 3394 aquilone,
1066 3311 1181 3398 porcio
1206 3330 1283 3377 sero
1308 3301 1449 3393 magistri

336 3415 500 3485 Herbordi
510 3417 672 3486 remansit
687 3417 839 3486 similiter
850 3437 890 3484 ex
906 3425 1003 3506 perte
1019 3419 1095 3487 ville
1106 3437 1166 3488 sue
1176 3439 1198 3484 a
1214 3417 1361 3486 meridie.
1377 3418 1449 3484 Item

338 3543 410 3592 cum
427 3525 587 3593 terminus
603 3525 708 3612 ipsius
734 3527 861 3614 piscine
877 3528 911 3594 in
927 3547 1012 3613 pura
1029 3545 1118 3611 aqua
1142 3525 1270 3594 uenerit
1292 3524 1449 3592 adtente

337 3631 501 3718 arabiles,
529 3632 584 3715 qui
600 3634 756 3703 terminus
781 3635 825 3704 sb
844 3635 999 3721 aquilone
1022 3635 1129 3703 tendit
1147 3654 1263 3703 uersus
1290 3636 1448 3713 orientem,

336 3741 399 3808 hoc
415 3743 462 3807 ito
474 3741 721 3826 ordinaueruut,
739 3741 828 3826 quod
844 3744 963 3810 erectis
981 3743 1076 3811 metis
1092 3762 1195 3827 nsque
1216 3740 1294 3809 dum
1311 3740 1450 3827 predicta

337 3849 506 3936 possessio
523 3849 729 3934 protenditur
745 3855 787 3921 ab
804 3853 978 3938 aquilone,
1001 3871 1080 3938 pars
1098 3873 1158 3920 seu
1174 3852 1223 3920 ius
1239 3849 1449 3936 Prepesiti5a

337 3953 474 4024 meridie
498 3976 576 4024 roro
601 3956 681 4025 dicti
705 3957 856 4044 magistri
879 3957 1044 4026 Herbordi
1068 3959 1208 4049 pacifice
1232 3959 1448 4027 remanebunt.

337 4065 408 4131 Nec
424 4062 487 4130 hoc
503 4064 791 4148 pretermittimus,
817 4066 905 4149 quod
920 4071 1033 4151 partes
1053 4073 1186 4154 propter
1205 4065 1343 4136 maioris
1369 4061 1448 4132 certi-

338 4170 463 4240 tudinis
490 4172 652 4243 cautelam
676 4174 789 4241 taliter
814 4174 1011 4245 seinvicem
1037 4175 1290 4262 obligauerunt3
1317 4169 1449 4259 quodsi

339 4297 406 4364 qua
421 4299 534 4348 earum
551 4284 697 4368 parcium
713 4291 898 4370 presentem
915 4283 1192 4370 composicionem
1216 4302 1283 4350 non
1299 4285 1445 4350 tolerare

338 4387 393 4473 rit,
407 4393 441 4454 et
456 4387 501 4456 ad
527 4389 644 4458 leriam
668 4395 797 4460 sextam
814 4397 891 4479 post
915 4393 1034 4462 festum
1058 4392 1291 4478 Apostolorum
1316 4389 1404 4461 Petri
1419 4391 1448 4452 et

338 4494 434 4564 Pauli
450 4515 550 4564 unum
564 4515 607 4565 ex
622 4497 718 4568 nobis
743 4519 802 4586 pro
827 4499 1015 4570 testimonio
1031 4498 1076 4569 ad
1101 4499 1279 4570 uidendam
1305 4505 1339 4570 et
1361 4493 1446 4567 ratifi-

341 4607 481 4672 caudam
498 4605 695 4678 diuisionem
710 4605 829 4679 ducere
844 4629 909 4678 non
920 4608 1123 4698 errauerint,
1140 4611 1224 4681 sicut
1237 4605 1337 4698 ydem
1348 4612 1447 4698 partes
