3144 5180
862 974 914 1041 id.

331 1171 395 1236 111.
412 1171 521 1236 Errdro
535 1170 641 1258 kirtly
656 1195 676 1233 α
696 1171 879 1238 ἅέκε·α1οηαί
892 1173 1051 1260 oeade‘pelr
1069 1174 1235 1238 kerelmdre
1249 1176 1317 1262 rdpi
1331 1174 1445 1239 livall-

330 1279 486 1366 sdpoa'kot,
502 1281 622 1346 mintrio
640 1281 697 1346 IV.
715 1280 796 1346 Bria
813 1285 843 1345 c'a
865 1281 901 1347 V.
918 1283 1072 1347 Imcdctdl
1087 1283 1195 1371 kopolt
1209 1282 1446 1370 kiodltsdplece-

328 1387 419 1452 teikel
434 1388 456 1451 Ι
458 1387 493 1453 V.
510 1387 625 1455 Lcrzlo
638 1389 780 1476 kordbrra
794 1413 815 1454 o
835 1390 962 1454 totdrolr
979 1389 1210 1477 alposztc'tcttdk
1219 1443 1228 1476 ,
1252 1395 1291 1477 cij
1306 1390 1446 1456 alalrtm

656 1498 796 1564 iriadcdn
811 1499 993 1586 meyerdaiti.
1011 1502 1108 1564 1291.

387 1696 390 1702 ¹
446 1717 595 1784 Andreas
626 1717 688 1783 Dei
720 1715 831 1802 gracia
854 1716 1042 1804 Hungarie,
1073 1715 1263 1802 Dalmacie,
1295 1718 1442 1798 (lroacie,

325 1823 436 1907 Rama,
448 1825 572 1910 Seruis,
584 1825 735 1906 Gallicis
757 1825 958 1912 Lodomerie,
970 1827 1127 1895 Comanie
1137 1877 1146 1912 ,
1166 1827 1443 1910 Bnlgarorumque

324 1932 396 1997 Rex
412 1932 561 2000 omnibns
579 1933 700 2002 Christi
726 1931 875 2002 fidelihus
901 1941 1072 2020 presentes
1090 1935 1218 2004 litteras
1242 1935 1443 2018 inspecturis

326 2042 465 2107 salutem
475 2045 509 2109 in
519 2042 660 2109 omnium
670 2043 844 2110 saluatore.
860 2043 911 2110 Ad
923 2042 1060 2130 Regiam
1070 2044 1212 2130 pertinet
1221 2043 1442 2126 Maiestatem,

326 2148 478 2234 precibus
496 2149 760 2218 condescendere
776 2150 986 2236 subditorum,
1002 2156 1037 2219 nt
1052 2169 1201 2217 numeros
1227 2147 1371 2218 fidelium
1388 2171 1441 2219 au-

324 2265 450 2346 geatur,
467 2266 500 2326 et
518 2261 655 2346 Regalis
669 2261 826 2346 potencia
841 2260 945 2328 lacius
964 2259 1179 2344 extendatur,
1193 2276 1263 2325 enm
1284 2259 1385 2344 Regis
1400 2261 1441 2326 sit

324 2367 491 2452 proprium
507 2369 542 2437 in
568 2369 773 2438 multitudine
789 2368 902 2455 populi
921 2367 1066 2453 gloriari.
1083 2368 1226 2438 Proinde
1251 2365 1295 2433 ad
1313 2369 1440 2435 uniuer-

325 2492 432 2542 sorum
448 2483 515 2544 tam
531 2478 739 2564 presencium
750 2496 847 2560 qnam
860 2478 1040 2548 futurorum
1050 2477 1205 2545 noticiam
1222 2475 1336 2542 harnm
1355 2475 1440 2544 serie

323 2585 474 2652 uolumus
489 2588 674 2674 peruenire,
692 2587 779 2670 quod
790 2586 938 2672 hospites
949 2587 1050 2654 nostri
1067 2586 1108 2652 de
1120 2583 1290 2670 Desakna,
1308 2587 1351 2652 ad
1368 2605 1439 2654 nos-

323 2697 407 2760 tram
433 2696 629 2762 accedentes
655 2695 861 2780 presenciam
887 2693 984 2762 nobis
1018 2695 1207 2778 significare
1234 2701 1439 2774 coronarunt,

324 2802 412 2886 qnod
421 2803 595 2889 priuilegia
605 2803 729 2871 domini
739 2803 829 2888 Belo,
841 2801 947 2870 felicis
959 2803 1211 2890 recordacionis,
1224 2809 1257 2870 et
1267 2801 1438 2888 Stephani,

323 2909 435 2978 inclite
451 2913 614 2998 memorie,
639 2912 765 2997 Regum
780 2912 959 2979 illustrium
977 2910 1156 2998 Hnngeric,
1175 2931 1270 2998 snpor
1286 2912 1439 2979 libertate

323 3041 433 3090 eornm
460 3020 609 3090 coniecta
634 3041 693 3108 per
718 3021 858 3088 insultus
880 3023 1092 3089 Tartarornm
1117 3030 1262 3109 ternpore
1289 3019 1440 3086 Ladiclei

322 3132 424 3215 Regis
441 3127 571 3214 perdita
583 3126 721 3196 luissent
738 3135 770 3195 et
789 3130 919 3198 amissa.
940 3129 1059 3198 Verum
1070 3151 1142 3197 curn
1159 3149 1219 3198 nos
1230 3129 1341 3196 verbis
1355 3129 1438 3214 ipro-

322 3259 391 3306 rnm
408 3237 572 3323 hospitum
588 3245 770 3306 nostrorum
787 3239 821 3306 in
837 3240 900 3309 hac
916 3247 1013 3325 parte
1029 3237 1126 3308 fidem
1143 3237 1311 3305 credulam
1328 3237 1439 3304 nolen-

322 3356 372 3414 tes
388 3344 564 3426 adhihere,
581 3352 615 3414 et
631 3345 716 3413 seire
735 3347 883 3416 nolentes
901 3348 1121 3416 omnimodam
1137 3346 1310 3412 ueritatem
1326 3345 1361 3411 in
1376 3341 1439 3410 hoc

322 3455 419 3538 facto,
436 3452 589 3521 fidelihus
605 3458 724 3523 nostris
742 3456 922 3524 venerabili
939 3457 1025 3540 patri
1040 3457 1136 3523 Petro
1152 3453 1215 3522 Dei
1230 3452 1345 3540 gracia
1361 3453 1438 3538 Epi·

321 3583 420 3649 scopo
444 3564 597 3631 Albensis
625 3564 774 3631 Ecclesia
791 3562 1101 3631 Transsiluanensis
1127 3568 1160 3628 ct
1176 3560 1328 3646 capitulo
1355 3561 1439 3626 eins-

322 3673 395 3739 dem
412 3672 563 3739 dedimus
579 3672 613 3738 in
631 3672 817 3752 mandatis,
833 3679 869 3740 nt
884 3690 982 3758 super
997 3673 1159 3759 premisso
1176 3669 1334 3755 negocio,
1360 3669 1438 3736 dili·

321 3781 411 3867 genti
427 3781 641 3864 inquisicione
658 3780 767 3862 facta,
794 3783 915 3847 scirent
931 3801 952 3847 a
969 3779 1087 3864 quibus
1105 3778 1200 3846 decet
1216 3778 1437 3845 omnimodam

321 3889 512 3972 ueritatem,
539 3897 572 3955 et
591 3896 687 3975 prout
709 3891 789 3976 ipsis
815 3891 938 3956 ueritas
964 3897 1148 3972 constaret,
1164 3887 1260 3954 nohis
1283 3885 1349 3953 fide
1366 3887 1439 3952 Deo
1559 3919 1560 3938 r

321 3998 431 4064 dehita
446 3999 682 4064 remandarent.
700 3997 761 4076 Qui
779 4000 909 4082 quidem
927 3997 1126 4064 venerabilis
1143 4002 1238 4084 pater
1255 4001 1289 4061 et
1304 3995 1438 4080 capitu-

320 4108 385 4173 lum
403 4106 572 4190 eiusdem,
597 4105 693 4174 nobis
710 4126 768 4192 per
785 4108 914 4176 litteras
931 4107 1107 4174 eorundem
1131 4107 1385 4184 remandatum,
1403 4114 1439 4167 ut

321 4216 451 4299 quando
476 4212 602 4300 perlida
620 4234 701 4298 gens
715 4215 897 4295 Tartarioa,
915 4235 986 4282 curn
1008 4215 1097 4281 omni
1112 4213 1234 4280 milicia
1251 4231 1358 4276 eornm
1376 4212 1438 4276 Re-

320 4343 418 4408 gnum
427 4323 595 4408 Hungarie
612 4323 772 4408 adierant,
782 4323 957 4410 priuilegia
973 4322 1097 4390 domini
1113 4322 1203 4406 Bele,
1220 4327 1253 4387 et
1264 4317 1437 4406 Stephani,

320 4433 446 4516 Regum
462 4432 653 4512 illustrium,
665 4450 763 4517 snper
788 4433 938 4500 libertate
951 4451 1061 4500 eorum
1079 4429 1230 4499 coniecta
1250 4427 1439 4494 amisissent

319 4542 469 4626 hospites
486 4541 588 4609 nostri
603 4541 782 4608 memorati.
802 4542 872 4608 Nos
888 4541 1000 4623 itaque
1016 4539 1058 4608 de
1078 4537 1305 4606 munificencia
1319 4535 1440 4621 Regali

319 4651 618 4742 supplicacicnihus
640 4651 807 4737 hospitum
835 4657 1020 4719 nostrorum
1046 4647 1086 4718 de
1103 4647 1263 4717 Desakna
1289 4643 1382 4713 iustis
1399 4651 1435 4711 et
