3094 5168
544 317 707 427 ...¹93-

75 517 109 584 in
119 518 179 602 jus
196 519 410 597 traherentur,
427 516 516 584 idem
534 537 607 584 eum
619 517 745 602 prelato
761 515 861 584 fratre
873 535 942 603 suo,
954 524 988 585 et
1003 517 1054 584 sui
1064 537 1191 588 sucees-

74 644 179 712 sores,
195 629 335 715 populos
360 623 530 714 sepefatos
555 622 711 710 expedire
730 631 916 693 tenerentur
940 624 1084 712 propriis
1100 627 1191 695 lobo-

72 735 164 804 ribns
181 741 217 804 et
241 734 406 823 expensis,
422 740 456 802 et
471 737 504 803 in
528 733 666 820 pacifica
682 737 893 820 possessione
908 733 986 804 dicti
1011 738 1128 804 montis
1145 737 1191 803 in-

73 841 259 930 tempniter
275 857 481 914 conseruare.
507 841 545 908 In
562 839 652 910 cuius
671 841 719 908 rei
736 841 934 921 memoriam,
960 841 1191 932 testimonium,

73 959 334 1040 perpetuamque
357 950 542 1020 firmitatem
567 955 737 1037 presentes
754 951 975 1019 concessimus
991 949 1129 1039 litteras,
1149 955 1192 1022 ri·

73 1062 143 1149 gilli
157 1062 267 1130 nostri
282 1059 458 1128 munimine
483 1060 664 1128 roboratas.
689 1063 810 1128 Datum
833 1059 1006 1148 Myohaele
1020 1061 1192 1147 Prepesito

74 1171 189 1240 illecto
204 1168 430 1258 Zagralriensi,
454 1169 615 1255 Gregorio
642 1169 800 1254 Castore,
818 1171 923 1238 Paulo
949 1167 1108 1257 Custode,
1128 1171 1194 1236 An·

74 1281 157 1349 drea
173 1281 309 1348 Decano
326 1277 476 1350 Ecclesie
491 1284 603 1347 nostre
619 1277 844 1364 existentibus,
871 1299 957 1347 anno
976 1279 1109 1348 Domini
1124 1278 1195 1347 mil·

73 1388 191 1460 lesimo
207 1387 433 1458 ducentesimo
449 1387 663 1474 nonagesimo
678 1393 782 1457 sexto.

298 1583 439 1653 (Teutech
451 1583 482 1644 es
495 1583 656 1644 Firnhsber
668 1583 707 1642 id.
721 1603 756 1640 m.
769 1583 791 1639 1.
803 1583 863 1640 ket.
876 1583 935 1642 let.
949 1580 980 1654 l.)

520 1891 765 1903 ——-·

587 2415 668 2482 too.

68 2615 224 2680 Lodomeo·
241 2615 424 2702 csaterpomc'
447 2615 542 2700 break,
567 2613 646 2677 mint
670 2613 896 2700 cpyszersmc'nd
911 2636 949 2678 uz
965 2613 1099 2701 apostoli
1120 2615 1192 2679 ezelo

68 2723 229 2790 limitanea
256 2724 372 2811 hirojc,
389 2746 410 2787 a
437 2723 604 2809 vcozpreom‘
625 2723 748 2810 ptisplllc
773 2726 803 2786 te
822 2744 860 2786 aa
884 2721 1013 2786 condat
1035 2721 1191 2810 kdptalaru

67 2833 147 2918 imao,
167 2855 188 2898 a
207 2831 307 2904 medai
326 2831 447 2898 claudet
474 2831 652 2918 tdrpydbom
670 2829 767 2917 folyo
782 2830 900 2916 pertua
924 2853 945 2894 a
968 2831 1126 2916 lotdrucp
1150 2829 1188 2894 ol-

383 2939 574 3006 lulceztusdt
594 2937 771 3034 tarmonem
789 2939 887 3005 1296.

179 3139 395 3209 Lodomerius
420 3135 638 3206 miseracione
662 3135 785 3203 Diuina
808 3135 1087 3223 Archiepiscopus
1110 3137 1189 3204 Stri-

66 3247 241 3338 goniensis
266 3248 396 3333 locique
422 3248 570 3333 ejusdem
587 3247 705 3315 (lomes
721 3249 906 3333 perpetuus,
926 3245 1117 3332 Apostolice
1134 3248 1190 3314 Se-

65 3359 116 3426 dis
128 3358 236 3445 judex
252 3353 437 3442 delegatus,
453 3354 523 3422 rire
548 3353 690 3424 discreto
716 3354 872 3439 Magistro
897 3356 1048 3424 Emerico
1071 3355 1191 3426 Maiori

67 3465 315 3536 Archidiaoono
341 3465 487 3534 eiusdem
502 3463 737 3550 Strigoniensis
751 3463 910 3550 Ecclesie,
928 3466 1055 3551 college
1070 3486 1129 3536 suo
1146 3469 1190 3536 ab

64 3575 187 3645 eadem
202 3571 290 3642 Sede
303 3571 409 3658 judici
425 3569 592 3658 delegato,
609 3573 749 3641 salutem
772 3572 807 3639 in
822 3572 972 3640 Domino.
999 3575 1037 3642 In
1063 3576 1190 3645 octauis

63 3683 185 3754 Sancti
199 3679 301 3768 Regis
317 3679 488 3768 Stephani,
513 3678 666 3750 videlicet
682 3687 775 3749 sexto
801 3681 965 3748 kalendas
988 3679 1187 3768 Septembris

63 3789 106 3860 ad
121 3785 372 3880 procedendum
397 3787 431 3857 in
446 3807 559 3875 eausa,
575 3809 638 3873 que
652 3785 790 3857 ver'titnr
814 3788 897 3856 inter
914 3788 1075 3860 discretos
1100 3793 1189 3862 viros

62 3897 275 3987 Prepositum
292 3901 325 3963 et
334 3895 524 3984 capitulum
539 3897 702 3966 Budensis
718 3899 867 3969 Ecclesie
884 3905 1042 3983 tanquam
1058 3907 1188 3972 actores

63 4032 104 4079 ex
120 4031 192 4082 una
208 4015 315 4098 parte,
336 4017 369 4078 et
386 4010 604 4080 venerabilem
621 4018 748 4098 patrem
763 4009 1039 4096 vesprimiensem
1055 4015 1189 4104 Episco-

61 4143 140 4209 pum
158 4141 201 4190 ex
217 4122 338 4202 altera,
355 4141 420 4190 non
434 4141 607 4209 possumus
621 4122 685 4192 hae
701 4121 773 4193 rice
789 4120 877 4209 apud
897 4123 1100 4212 strigonium
1116 4147 1190 4215 per·

57 4230 223 4300 sonaliter
237 4231 399 4298 interesse
409 4277 419 4313 ,
444 4231 558 4316 Regiis
584 4236 617 4298 et
632 4231 773 4318 publicis
790 4231 897 4318 Regni
922 4233 1070 4320 negociis
1086 4235 1187 4323 impe·

57 4339 127 4407 diti.
147 4335 360 4408 Discrecioui
381 4335 508 4425 (igitur)
525 4343 636 4408 uestra
652 4338 801 4409 duximus
828 4343 1026 4412 anctoritate
1050 4363 1185 4430 presen-

59 4449 146 4516 cium
164 4446 444 4534 committendum,
462 4455 623 4533 quatenus
647 4450 754 4538 ipsum
770 4451 939 4536 negocium
955 4451 1070 4520 eodem
1086 4459 1184 4540 statu,

56 4558 143 4630 sient
158 4559 195 4626 in
211 4559 298 4627 sotis
312 4559 417 4644 ipsius
442 4559 570 4629 tormini
597 4560 786 4644 continetur,
803 4567 917 4630 nostra
943 4567 977 4629 et
993 4567 1105 4633 uestra
1129 4581 1187 4631 au-

58 4668 226 4752 ctoritate,
247 4666 482 4736 interueniente
498 4685 659 4738 consensu
675 4668 902 4738 nichilominus
925 4671 1074 4756 magistri
1091 4669 1186 4742 Nico-
