3094 5168
621 254 688 324 &bb

573 349 729 364 w

79 463 113 518 et
139 457 309 525 bonorem.
335 455 520 540 Noucutis,
552 458 643 540 quod
670 476 744 524 cum
766 454 944 526 secundum
973 455 1211 530 continenciam

78 565 268 632 litterarum
285 573 465 633 uestrarum
486 565 583 634 nobis
601 563 878 646 transmissarum,
896 565 1035 634 sabbato
1052 562 1211 633 uidelicet

78 673 113 736 in
133 673 264 740 octauis
282 672 530 757 Assumpcionis
547 671 692 757 Virginis
710 671 862 740 Gloriosa
885 671 1133 756 possessiouem
1148 671 1212 739 La·

79 778 183 846 dialai
200 777 259 846 filii
276 779 418 867 Iwance,
432 781 559 849 Obertb
576 788 741 862 uocatam,
759 799 831 847 cum
843 780 911 848 suis
930 777 1124 848 utilitatibus
1142 779 1211 846 vni·

79 887 188 954 uersis
205 889 353 956 Jacobus
370 890 473 956 irater
491 891 570 958 dicti
586 889 738 956 Ladizlai
764 895 797 953 et
813 886 872 972 alij
890 887 1004 972 rioiny
1020 893 1054 953 et
1072 907 1210 956 comme·

79 994 175 1059 tanei
203 995 353 1063 eiusdem
371 1018 392 1064 a
409 997 569 1064 Micbaele
589 996 656 1064 filio
675 995 846 1062 Deuecber
868 993 1062 1065 aduersario
1088 1013 1148 1062 suo
1174 995 1207 1063 iu

78 1102 187 1170 tercia
204 1109 320 1187 parte,
346 1104 478 1170 anobis
496 1109 695 1172 automata
708 1103 877 1190 judicibus
893 1103 926 1169 iu
952 1100 1080 1169 duabus
1107 1105 1207 1189 parti·

78 1213 154 1292 bus,
173 1210 300 1276 scilicet
316 1213 349 1278 iu
368 1212 483 1278 decem
494 1211 623 1296 marcis,
641 1219 739 1297 prout
754 1231 813 1296 per
825 1211 1056 1278 estimacioues
1076 1231 1209 1298 presen-

77 1319 170 1386 tibus
187 1316 377 1386 homiuibus
403 1320 524 1388 nostris
549 1339 659 1387 coram
680 1325 793 1388 uestro
819 1319 1008 1388 testimonio
1034 1320 1208 1390 estimaase

79 1427 326 1511 comperimus,
351 1428 513 1496 redimere
540 1430 750 1514 debuissent,
774 1431 829 1496 uel
847 1428 1032 1511 relinquere
1060 1429 1156 1499 nobis
1173 1435 1208 1496 ut

75 1535 266 1620 judicibus,
297 1544 330 1600 et
346 1535 536 1606 aduersario
562 1557 621 1606 suo
646 1538 901 1622 possidendam
929 1537 1128 1606 adueniente
1145 1544 1207 1604 ter-

79 1643 168 1709 mino
195 1643 341 1711 Michael
365 1645 451 1712 filius
482 1643 673 1730 Deuecher,
701 1646 912 1716 aduersarius
937 1645 1019 1714 dicti
1043 1645 1204 1730 Ladialai,

79 1752 266 1837 comparuit
293 1753 334 1818 ad
358 1753 583 1838 recipiendam
609 1754 784 1840 pecuniam
806 1755 993 1838 porcionem
1011 1772 1103 1820 suam
1132 1772 1206 1822 con-

79 1861 283 1942 tingentem,
312 1859 463 1927 similiter
486 1860 632 1930 Jacobus
657 1860 760 1930 frater
777 1859 857 1930 dicti
876 1861 1028 1930 Ladialai
1054 1861 1147 1929 uenit
1171 1867 1204 1927 et

77 1966 172 2052 dixit,
190 1968 279 2052 quod
296 1988 360 2036 nou
375 1977 490 2057 posset
506 1972 668 2039 redimere
678 1971 923 2058 possessionem
943 1971 1056 2039 fratris
1073 1973 1124 2040 sui
1140 1991 1205 2038 me·

78 2083 244 2144 moratam
253 2127 263 2160 ,
289 2079 389 2147 ricini
406 2085 516 2144 autem
534 2085 567 2147 et
583 2079 800 2146 commetanei
826 2077 975 2146 eiusdem
992 2079 1154 2164 Ladizlai,
1172 2087 1204 2148 et

78 2186 275 2270 specialiter
302 2187 462 2272 magister
486 2188 611 2266 Jbaru,
646 2188 703 2272 qui
725 2189 943 2274 personaliter
970 2189 1206 2275 comparando,

78 2292 242 2362 redimere
265 2295 474 2380 porcionem,
502 2314 567 2379 que
592 2296 699 2380 ipsum
717 2295 942 2382 contingeret,
967 2307 1206 2385 assumpserat,

78 2403 165 2468 sicut
181 2401 213 2464 in
241 2400 410 2486 prioribus
435 2402 552 2469 litteris
568 2403 688 2470 uostris
715 2401 953 2486 comperimus,
978 2421 1045 2468 uon
1063 2406 1205 2492 uenerit,

77 2529 136 2575 uec
156 2509 281 2576 miserit
297 2509 341 2576 ad
366 2509 630 2595 redemptionem
657 2506 858 2574 taciendam.
876 2504 986 2586 Quare
1003 2528 1021 2573 a
1037 2509 1132 2578 uobis
1148 2531 1203 2597 pe-

78 2618 175 2684 timus
192 2615 381 2701 diligenter,
407 2623 571 2699 quatenus
589 2634 662 2684 cum
677 2615 817 2682 Nicolao
841 2614 909 2684 fllio
925 2615 1030 2684 Petke
1046 2617 1088 2686 de
1105 2617 1202 2707 Gyog

76 2724 210 2791 bomine
222 2731 350 2809 nostro,
361 2733 506 2792 vestrum
517 2724 657 2794 mittatis
667 2723 900 2806 testimonium,
917 2742 1102 2808 coramque
1115 2725 1203 2796 idem

79 2832 173 2900 bomo
190 2839 305 2898 noster
321 2833 504 2918 predictam
525 2829 769 2917 possessiouem
789 2830 940 2899 Ladialai
965 2851 1038 2899 cum
1055 2833 1125 2901 suis
1142 2835 1202 2901 vti-

78 2941 228 3009 litatibns
244 2941 408 3007 uniuersis
424 2939 459 3006 iu
476 2939 604 3008 duabus
619 2943 769 3025 partibus
788 2940 884 3008 nobis
901 2945 937 3006 ut
949 2938 1139 3026 judicibus,
1168 2944 1202 3011 in

77 3050 179 3115 tercia
197 3067 274 3114 nero
292 3055 388 3134 parte
414 3046 563 3132 predicto
580 3049 734 3118 Michaeli
751 3068 810 3117 suo
833 3049 1027 3120 aduersario
1053 3057 1204 3119 statuant

77 3155 323 3242 possidendam,
342 3155 438 3222 salua
456 3155 611 3240 porcione
628 3155 708 3224 dicti
722 3155 840 3224 Jacobi
855 3162 1057 3243 remanente,
1074 3166 1203 3229 contra·

76 3263 225 3332 diccione
242 3264 427 3346 aliquorum
445 3284 512 3330 uon
529 3265 701 3349 obstante;
722 3271 798 3350 post
814 3265 876 3330 boc
887 3263 1105 3348 lactiseriem,
1123 3285 1202 3350 qua-

74 3370 201 3440 litatem
220 3377 254 3437 et
269 3372 508 3456 quantitatem,
533 3371 629 3438 uobis
645 3372 749 3439 nostri
764 3371 882 3456 gracia
906 3373 1107 3440 rescribatis.
1126 3373 1198 3440 Da-

77 3483 141 3546 tum
158 3481 190 3544 iu
202 3479 351 3546 crastino
361 3487 554 3548 octonarum
564 3477 813 3564 Assumpcicuis
830 3480 934 3548 Beate
943 3479 1100 3565 Virginis,
1111 3500 1201 3547 anno

76 3583 207 3654 Domini
223 3585 275 3652 Μθ
290 3584 360 3654 00⁰
376 3587 592 3674 nonagesimo
608 3609 704 3657 nouo.

180 3692 251 3760 Nos
268 3711 349 3762 uero
364 3693 585 3778 peticionibus
600 3695 720 3764 uestris
740 3693 935 3764 satisfacere
955 3693 1145 3779 cupientes,
1162 3704 1198 3764 ut

76 3799 253 3885 debemus,
280 3820 354 3868 cum
370 3799 519 3886 predicto
535 3803 667 3870 homine
691 3810 801 3872 vestro
818 3809 962 3870 nostrum
979 3801 1127 3870 misimus
1142 3802 1199 3870 bo·

76 3907 192 3974 minem
210 3925 268 3992 pro
295 3908 501 3992 testimonio,
528 3910 586 3996 qni
610 3909 813 3995 postmodum
841 3931 907 3980 una
923 3929 995 3978 cnm
1021 3911 1138 3980 eodem
1156 3912 1201 3978 ad

76 4033 134 4079 nos
149 4013 282 4084 rediens
299 4015 396 4084 nobis
412 4017 585 4097 recitauit,
613 4018 701 4100 quod
718 4018 805 4085 idern
826 4019 861 4087 in
879 4016 930 4086 sui
955 4018 1129 4104 presencia
1146 4037 1200 4084 ac·

76 4122 222 4190 cedendo
239 4123 283 4189 ad
300 4125 417 4192 faciem
435 4129 657 4212 possessionis
673 4127 813 4214 predicti
828 4125 987 4204 Ladialai,
1016 4126 1101 4194 duas
1122 4145 1197 4210 par-

77 4237 125 4297 tes
141 4231 292 4298 eiusdem
317 4235 539 4318 possessionis
564 4236 661 4304 uobis
684 4241 719 4301 ut
740 4233 907 4318 judicibus
920 4281 929 4316 ,
958 4233 1094 4300 terciam
1120 4253 1199 4303 uero

76 4345 199 4422 partem
210 4337 357 4424 predicto
368 4341 513 4412 Micheili
531 4341 617 4434 (lgy)
629 4343 823 4412 aduersario
833 4341 991 4426 eiusdem,
1008 4361 1081 4410 cum
1097 4342 1198 4412 omui·

75 4445 133 4514 bus
157 4445 357 4518 utilitatibus
376 4449 463 4534 suis,
490 4453 646 4520 videlicet
663 4453 759 4521 terris
784 4453 905 4522 limatis
917 4501 926 4535 ,
948 4452 1194 4534 campestribus,

77 4555 185 4633 siluis,
212 4563 245 4621 et
260 4556 381 4624 sanctis
399 4563 571 4630 statuisset
587 4560 820 4648 possidendam
841 4561 933 4632 iusta
949 4564 1092 4627 uestram
1108 4559 1188 4643 peti·
